3030 4876
325 434 371 476 χχ
620 424 782 464 1111111110
800 425 898 464 novur
916 423 1064 463 1101110016

321 607 433 662 serem,
454 606 521 646 non
538 606 609 646 raro
625 606 774 667 expresse
790 594 926 647 testatus
941 583 1145 666 primitiuam
1160 584 1363 668 scripturam

319 706 355 767 in
382 715 520 787 utroque
542 705 700 767 Vossiano
728 704 835 766 lituris
859 716 891 767 61
914 704 1170 767 correctionibus
1193 705 1362 767 deforma—

320 836 387 888 tam
410 834 442 888 et
465 825 587 887 elutam
606 824 789 887 Heinsiano
813 825 917 888 codici
940 835 1107 908 acceptam
1131 824 1252 902 referri,
1281 847 1362 888 cum

320 956 433 1008 contra
454 945 616 1022 Halmius,
642 945 699 1007 ubi
723 945 802 1027 quid
825 946 888 1008 rasi
911 946 1071 1028 aspiceret
1092 945 1129 1007 in
1143 946 1181 1022 A,
1198 944 1361 1008 Heinsia-
1420 986 1423 991 -
1481 938 1482 943 ¹

321 1089 403 1129 num
419 1066 503 1128 nihil
519 1087 638 1128 curans
660 1065 820 1127 incertam
842 1087 911 1128 rem
934 1088 1002 1129 esse
1019 1076 1051 1129 et
1067 1064 1277 1129 coniecturae
1296 1087 1360 1149 ope

319 1187 480 1250 medelam
502 1186 722 1269 quaerendam
744 1185 944 1250 existimaret
971 1187 1012 1270 (p.
1030 1194 1098 1264 144,
1115 1193 1149 1260 5;
1168 1192 1236 1264 143,
1256 1193 1290 1264 53
1306 1193 1357 1263 23,

322 1315 374 1385 103
393 1315 441 1385 44,
454 1315 482 1383 63
496 1307 535 1368 cf.
549 1307 663 1388 1543).
680 1305 791 1389 itaque
808 1306 847 1368 de
863 1307 919 1370 illo
933 1330 1062 1390 quoque
1078 1308 1150 1370 loco
1166 1308 1206 1369 ab
1219 1307 1359 1369 Halmio

322 1428 490 1491 discedens
513 1426 558 1489 ita
580 1425 760 1488 iudicaram
776 1426 951 1489 Heinsiani
971 1427 1047 1490 libri
1061 1426 1221 1491 beneficio
1244 1427 1360 1510 pristi-

319 1571 396 1612 nam
419 1548 594 1611 lectionem
617 1570 633 1610 e
654 1547 821 1609 communi
837 1547 1013 1632 archetypo
1028 1549 1180 1612 haustam
1195 1558 1357 1627 constare,

322 1670 524 1751 eandemque
539 1667 638 1731 tuisse
654 1666 689 1729 in
704 1670 734 1729 A
749 1679 824 1731 ante
847 1668 989 1731 lituram.
1007 1679 1041 1731 at
1055 1669 1117 1731 hoc
1134 1668 1267 1751 quidem
1284 1668 1359 1732 fieri

320 1789 463 1874 potuisse
482 1790 616 1873 negauit
631 1789 798 1866 Iordanus,
818 1788 974 1872 quoniam
996 1790 1110 1852 eadem
1133 1791 1235 1852 uerba
1256 1789 1359 1871 (modo

319 1910 461 1993 rituque),
488 1932 570 1992 quae
592 1911 691 1973 habet
713 1909 923 1988 Heinsianus,
949 1910 984 1972 in
1007 1909 1107 1973 litura
1129 1909 1250 1993 scripta
1276 1921 1358 1974 sunt

319 2031 354 2094 111
377 2033 419 2109 Α;
444 2053 545 2113 600116
570 2032 609 2094 (16
626 2053 723 2093 causa
737 2032 800 2094 hoc
815 2033 886 2095 loco
902 2032 1107 2115 potissimum
1122 2030 1359 2115 praestantiam

320 2163 353 2215 et
374 2153 540 2236 propriam
561 2152 736 2215 Heinsiani
758 2153 949 2216 memoriam
972 2151 1139 2216 declarari.
1164 2151 1252 2234 quod
1267 2151 1296 2214 si
1311 2152 1360 2215 ita

320 2295 388 2336 esse
411 2296 517 2356 neque
533 2273 709 2336 Heinsiani
732 2274 926 2357 scripturam
948 2274 990 2336 ad
1012 2273 1154 2335 eundem
1178 2293 1255 2334 cum
1270 2273 1359 2336 Vos-

320 2393 421 2456 sianis
444 2405 552 2457 ortum
574 2394 679 2457 redire
703 2395 950 2457 concedendum
972 2404 1063 2471 esset,
1089 2415 1149 2477 ego
1170 2394 1211 2455 ad
1226 2391 1360 2455 Halmii

320 2515 516 2578 sententiam
545 2516 702 2578 accedens
725 2516 764 2577 de
788 2516 1010 2598 recuperando
1037 2536 1115 2577 uero
1139 2513 1358 2596 desperarem.

322 2658 399 2698 nam
422 2647 459 2699 111
481 2637 516 2698 111
540 2636 745 2719 agnoscenda
768 2634 929 2718 scriptura
943 2634 1112 2718 primitiua
1127 2656 1222 2717 saepe
1238 2633 1360 2697 utilem

322 2779 389 2820 esse
412 2757 635 2821 Heinsianum
658 2755 740 2833 dixi,
765 2756 811 2818 ita
838 2754 935 2818 iniis
958 2778 1041 2838 quae
1069 2755 1167 2838 plane
1190 2763 1315 2818 secreta
1340 2777 1360 2817 a

319 2877 552 2941 Vossianorum
576 2877 726 2941 codicum
747 2878 812 2940 fide
835 2876 941 2954 tradit,
966 2876 1098 2938 nullum
1119 2873 1189 2938 eius
1212 2873 1360 2958 pretium

322 3020 389 3061 esse
412 2998 516 3060 sentio
540 2998 626 3060 ultra
642 2999 847 3060 coniecturae
863 2996 1135 3080 probabilitatem.
1170 2995 1227 3058 sed
1241 2995 1359 3058 Iorda-

322 3141 385 3181 nus
408 3118 444 3180 in
466 3118 527 3181 hac
552 3141 648 3181 causa
670 3119 716 3181 ita
732 3118 805 3202 egit,
831 3140 898 3181 non
914 3128 952 3180 111
967 3117 1140 3179 ueritatem
1155 3115 1356 3195 adiuuaret*,

321 3240 378 3302 sed
401 3250 438 3302 ut
460 3238 643 3322 imponeret
665 3238 704 3302 iis
727 3239 755 3302 si
778 3239 835 3322 qui
862 3239 944 3302 forte
973 3247 1010 3300 111
1037 3237 1155 3300 assolet
1182 3259 1216 3299 re
1245 3235 1359 3300 minus

322 3359 446 3422 curiose
469 3359 616 3442 inspecta
633 3359 849 3422 calumnianti
862 3359 963 3421 fidem
977 3358 1150 3435 haberent,
1175 3355 1208 3420 et
1222 3377 1282 3440 ego
1296 3355 1359 3419 illa
1386 3339 1387 3342 ¹

322 3480 532 3544 adnotatione
555 3479 733 3563 paucisque
761 3479 833 3542 aliis
863 3501 931 3542 non
959 3479 1035 3541 satis
1059 3499 1210 3540 caueram
1229 3477 1357 3538 calum-

321 3601 399 3678 nias,
426 3600 546 3684 quippe
569 3601 667 3663 stulte
685 3603 825 3663 confisus
840 3599 989 3662 homines
1006 3599 1116 3663 doctos
1131 3620 1199 3661 non
1214 3618 1281 3660 una
1296 3608 1357 3660 aut

321 3722 423 3784 altera
445 3721 573 3804 pagella
596 3721 713 3784 leuiter
735 3721 882 3804 inspecta
904 3721 960 3782 sed
980 3718 1080 3782 totius
1098 3718 1203 3782 libelli
1219 3717 1356 3781 consilio

388 3962 403 3993 *
421 3961 466 4014 Ad
484 3967 590 4015 textum
606 3978 676 4032 01106
694 3960 838 4014 adnotauit
856 3979 882 4031 p.
897 3962 944 4012 231
961 3977 1023 4013 cum
1037 3960 1071 4012 iis
1084 3977 1154 4029 quae
1166 3977 1192 4029 p.
1207 3961 1257 4012 226
1271 3959 1356 4029 scrip-

323 4046 360 4100 sit
377 4045 552 4100 contendenti
571 4045 748 4116 uituperandi
773 4046 902 4118 cupidine
925 4044 1007 4116 plane
1030 4050 1189 4098 occaecatus
1213 4043 1357 4099 uidebitur

324 4132 361 4186 ita
380 4139 411 4186 ut
429 4131 457 4185 in
477 4149 580 4185 summo
598 4149 628 4185 re
646 4131 676 4184 id
693 4131 783 4202 ipsum
795 4132 869 4201 quod
886 4130 964 4184 uolui
984 4130 1066 4184 simul
1085 4137 1112 4184 et
1130 4130 1259 4200 reprobet
1271 4136 1299 4184 61
1310 4148 1357 4200 ap-

321 4217 433 4289 probet:
454 4235 535 4286 quam
554 4216 649 4271 iudicii
668 4218 856 4271 confusionem
875 4216 1011 4287 explicare
1029 4215 1135 4270 omitto.
