2994 4884
367 393 427 454 146
813 401 836 440 ii
853 389 895 453 23,
911 390 943 440 58

428 563 579 626 Arriovs.
596 561 701 626 Video
715 584 800 650 ¹quae
815 560 931 625 sintin
947 559 1115 644 pontificio
1130 558 1210 637 iure,
1224 560 1282 623 sed
1294 582 1399 643 quae·
1408 560 1449 628 23

364 688 399 730 ro
412 665 618 751 ‚ecquidnam
640 665 682 728 sit
703 666 739 728 iri
761 666 896 750 legibus.
1411 657 1445 712 58

427 769 578 833 Menova.
601 769 714 832 Pauca
728 791 813 847 sane,
832 769 913 845 Tite,
932 780 971 846 et,
990 767 1039 830 uti
1054 767 1199 844 arbitror,
1218 789 1287 829 non
1302 766 1399 852 igno-

363 883 397 937 ta
412 873 518 952 uobis3
539 873 597 936 sed
612 895 650 936 ea
664 894 732 936 nori
754 881 822 935 tam
844 872 886 934 ad
907 871 1100 955 religionem
1122 880 1279 954 spectant,
1298 892 1399 953 quam

333 979 405 1040 sad
427 977 479 1039 ius
501 976 735 1068 sepulcrorum.
756 968 938 1038 ‘hominem
960 966 1139 1038 mortuum’
1162 973 1272 1057 inquit
1291 974 1347 1036 lex
1362 974 1398 1036 in

364 1079 538 1144 duodecim
563 1072 788 1142 ‘inurbane
811 1079 946 1162 sepelito
973 1099 1059 1140 neue
1082 1069 1193 1140 urit0.'
1219 1079 1318 1142 credo
1342 1066 1398 1141 uel

362 1192 495 1266 propter
509 1181 595 1266 ignis
610 1181 804 1265 periculum.
829 1182 917 1265 quod
931 1190 1042 1244 autem
1058 1180 1148 1243 addit
1167 1173 1266 1243 ‘neue
1283 1174 1395 1258 urito',

362 1285 495 1363 indicat,
520 1307 589 1348 nori
612 1285 668 1368 qui
691 1295 805 1348 uratur
827 1283 965 1369 sepeliri,
990 1283 1048 1346 sed
1070 1282 1127 1366 qui
1149 1283 1314 1347 humetur.

426 1389 578 1452 Amicis.
607 1387 697 1455 Quid
713 1389 770 1471 qui
788 1398 861 1472 post
876 1407 925 1450 xii
939 1389 975 1450 iii
990 1388 1070 1450 urbe
1086 1385 1206 1470 sepulti
1221 1397 1300 1450 sunt
1316 1386 1397 1450 clari

320 1510 344 1550 io
362 1490 447 1554 uiri‘i

424 1595 575 1658 Μυυουε.
607 1594 720 1671 Credo,
738 1593 819 1671 Tite,
838 1593 938 1656 fuisse
952 1603 1010 1655 aut
1025 1614 1087 1671 eos,
1105 1593 1224 1676 quibus
1238 1593 1304 1657 hoc
1318 1605 1397 1659 ante

359 1698 446 1760 hanc
468 1697 576 1780 legem
596 1696 729 1760 uirtutis
752 1718 848 1759 causa
870 1695 1038 1759 tributum>
1054 1705 1110 1774 est,
1135 1705 1173 1758 ut
1193 1697 1394 1780 Poplicolae,

362 1811 399 1864 ut
413 1801 566 1878 Tuberto,
585 1799 673 1882 quod
695 1820 808 1863 eorum
822 1797 944 1882 posteri
958 1798 1029 1861 iure
1044 1807 1237 1877 tenuerunt,
1255 1810 1315 1863 aut
1329 1823 1394 1879 eos,

361 1903 389 1966 si
404 1903 461 1986 qui
476 1903 547 1979 hoc,
566 1912 603 1965 ut
618 1903 654 1966 C.
671 1901 848 1978 Fabricius,
871 1900 1003 1963 uirtutis
1026 1923 1124 1965 causa
1145 1903 1244 1966 soluti
1265 1903 1396 1988 legibus

465 2093 477 2142 1
497 2091 603 2162 uideoq;
624 2091 658 2144 H
746 2088 933 2159 pontificioA
1025 2089 1086 2143 iure
1104 2089 1153 2144 sed
1175 2089 1312 2144 Victorius
1327 2089 1400 2145 iuril

361 2197 393 2233 ec
409 2179 504 2232 ABH
584 2193 670 2245 quero
684 2176 720 2228 H
802 2178 817 2227 i
837 2174 999 2244 ecquidnam
1015 2176 1105 2229 Aldus
1121 2193 1201 2244 napos
1219 2176 1244 2230 δι
1261 2175 1396 2246 quidnam

360 2285 389 2337 B
407 2280 575 2336 Heinaianua
592 2249 724 2349 duidnam
740 2280 768 2331 A
878 2279 893 2329 3
912 2276 982 2349 sanet
1002 2280 1031 2331 A
1047 2279 1095 2332 aad
1111 2295 1146 2332 na
1164 2277 1194 2332 in
1210 2277 1284 2334 scitu
1299 2295 1396 2335 uerene

360 2387 377 2421 a
389 2385 451 2421 corr
462 2366 523 2430 add,
538 2364 646 2419 initium
658 2363 819 2435 insequentia
830 2382 923 2419 aaroni
934 2365 1073 2418 abacorum
1158 2361 1270 2436 pauloet
1284 2382 1396 2420 auertite

360 2471 408 2525 aad
424 2468 530 2522 lineolis
547 2486 608 2522 corr
626 2470 662 2522 H
747 2467 773 2521 &
791 2459 853 2535 uitii
872 2468 992 2522 arbitror
1009 2467 1037 2520 B
1053 2467 1080 2522 &
1096 2485 1179 2522 nima
1194 2467 1286 2522 bitror
1305 2468 1396 2523 Hein-

361 2555 453 2610 aionua
470 2555 496 2608 ἃ
514 2573 548 2607 υτ
565 2554 686 2607 arbitror
704 2553 734 2606 tn
745 2572 842 2608 rasura
855 2556 883 2607 A
970 2570 1068 2622 ignota
1081 2555 1150 2625 (suit
1160 2556 1266 2620 innota)
1279 2558 1307 2609 A

360 2661 423 2710 tia
440 2659 477 2712 H
557 2621 670 2725 regione
687 2658 715 2708 A
733 2621 890 2725 inionem
907 2657 941 2710 H
1024 2654 1236 2728 blepulclirori’i
1246 2658 1315 2713 BH

362 2760 459 2831 inquid
478 2762 514 2814 H
526 2732 624 2829 inquid
641 2761 669 2812 Β
785 2777 814 2812 iii
831 2744 875 2812 {11
892 2760 959 2814 BH
971 2775 1000 2812 iii
1018 2757 1238 2814 ddodecimmiha
1253 2763 1299 2821 A,-
1314 2761 1397 2828 [mide

359 2847 430 2900 nihil
447 2846 620 2918 efficiendum
639 2864 698 2900 aum
717 2845 831 2900 Halmio
852 2845 900 2914 qui
918 2844 947 2897 iii
964 2858 1009 2898 xii
1029 2844 1133 2899 tabulis
1153 2864 1214 2900 cum
1235 2846 1396 2900 editionibus

360 2933 497 2986 nonnullis
513 2931 702 2986 netuatioribus
713 2932 822 2991 scribit,-
840 2932 886 2986 aed
897 2932 947 2984 boc
959 2950 1014 2986 nou
1024 2931 1158 2986 inutiliter
1168 2932 1329 2999 attendatur,
1344 2934 1396 2987 bac

359 3025 417 3073 tota
434 3019 615 3088 disputatione
632 3017 777 3072 duodecim
789 3035 843 3086 per
860 3036 887 3070 ae
905 3018 984 3087 quasi
1000 3035 1095 3070 nomen
1107 3034 1196 3088 paena
1214 3019 1309 3089 quouis
1327 3037 1394 3074 caan

355 3105 431 3177 poni,
453 3104 598 3158 duodecim
610 3102 795 3167 sustulerunt;
816 3103 987 3157 discebamus
1007 3103 1164 3168 duodecim3
1182 3103 1212 3157 iii
1229 3103 1389 3169 duodecim

359 3225 374 3261 e
392 3206 547 3266 duodecim:
568 3213 632 3276 post
649 3204 809 3272 duodecim]
911 3210 926 3261 6
944 3224 979 3261 ne
997 3181 1231 3278 sepeliroiiiiiriro
1248 3210 1278 3261 A
1295 3208 1342 3263 aad
1358 3225 1393 3262 ne

359 3308 512 3380 sepehrone
529 3310 558 3363 in
576 3327 674 3364 rasura
782 3328 817 3364 ne
836 3328 910 3365 uriro
929 3312 957 3363 B
976 3311 1145 3366 Heinaianua
1247 3285 1342 3380 dretdo
1362 3312 1399 3367 11

468 3400 483 3448 7
501 3393 580 3464 ignes
596 3398 665 3461 AH,
686 3414 747 3449 corr
763 3395 837 3466 ignis
852 3399 879 3450 Β
1001 3399 1016 3448 8
1034 3396 1141 3452 indicat
1157 3413 1219 3450 corr
1236 3415 1269 3451 aa
1284 3395 1395 3452 iudicat

357 3483 415 3536 AB
432 3482 538 3536 iudicat
556 3482 726 3536 Hainoianua
821 3499 980 3551 quiiuratur
1000 3485 1017 3549 (i
1034 3488 1096 3537 ante
1112 3501 1132 3535 u
1149 3485 1262 3559 aarum)
1281 3485 1310 3539 B
1327 3499 1393 3554 qui*

357 3584 457 3621 uratur
474 3569 502 3619 A
519 3584 567 3637 qui
584 3581 695 3645 ¹iuratur
714 3569 748 3622 H
840 3565 945 3638 sepiliri
962 3571 991 3622 A
1087 3571 1103 3622 9
1120 3567 1189 3639 quid
1204 3584 1253 3638 qui
1269 3570 1326 3625 AB
1344 3585 1393 3639 qui

357 3688 398 3724 om
419 3670 586 3725 Hcincianus
604 3670 672 3740 quid
688 3671 763 3741 quod
781 3671 940 3742 Maduiqiuc
960 3672 1032 3743 opp.
1047 3675 1071 3737 2,
1089 3673 1137 3725 159
1241 3653 1286 3726 xil
1302 3674 1332 3728 B
1349 3685 1394 3728 xii

358 3757 387 3810 in
405 3773 504 3810 rasura
521 3759 549 3808 A
566 3769 610 3808 xii
627 3757 673 3810 aad
689 3769 713 3809 11
730 3758 760 3810 in
777 3774 874 3810 rasura
892 3776 954 3810 corr
970 3761 998 3812 Β
1093 3755 1161 3811 olari
1178 3773 1234 3812 uiri
1250 3759 1298 3813 aad
1314 3777 1346 3812 ui
1362 3758 1394 3813 in

358 3878 404 3913 raa
422 3877 482 3913 corr
494 3860 529 3912 H
543 3834 612 3913 clari
628 3825 748 3925 uiribic)
762 3863 790 3912 A
807 3825 992 3927 elari‘uiri‘B
1080 3861 1260 3916 Corroctorem
1277 3866 1392 3930 apparet

358 3943 447 4000 claros
464 3945 541 4000 uiros
560 3945 641 3999 credo
659 3945 747 4000 fuisse
765 3948 933 4001 coniunxisse
951 3953 976 4000 et
993 3947 1032 4000 aio
1054 3946 1183 4001 editiones
1201 3947 1238 4000 Β.
1256 3945 1391 4016 &ephano

359 4032 522 4102 antiquiores
627 4033 655 4083 11
676 4032 808 4087 credonre
827 4035 863 4087 H
964 4034 994 4085 12
1013 4051 1047 4085 υτ
1064 4030 1161 4103 populi
1179 4030 1238 4112 cole
1255 4034 1284 4086 Β
1301 4050 1336 4085 υτ
1353 4050 1391 4104 pu

356 4116 455 4198 bhcolp
472 4120 519 4172 aad
536 4137 569 4171 υτ
586 4119 644 4189 pub
661 4119 691 4172 in
708 4135 804 4173 rasura
816 4121 843 4172 A
858 4138 893 4172 υτ
903 4117 1037 4198 poplicolp
1053 4118 1090 4183 (in
1102 4133 1180 4187 marp
1190 4115 1342 4186 jiubhcola’)
1360 4119 1397 4173 H

458 4219 617 4291 Poplicolae
634 4223 782 4277 Lambinus
901 4223 930 4273 13
951 4194 1093 4295 conterunt
1110 4223 1138 4272 A
1256 4221 1288 4272 14
1305 4218 1391 4274 soluti
