3030 4876
626 369 660 410 111
680 360 720 422 14,
740 359 773 409 32
790 388 825 397 -
845 360 885 422 15,
906 359 938 409 33
1240 361 1300 422 193

265 531 390 616 gustari
407 529 507 593 etiam
520 541 642 613 potest;
659 531 756 613 pauci
780 531 868 593 euim
884 541 980 612 atque
1004 531 1181 594 admodum
1203 531 1301 615 pauci

266 635 390 698 honore
406 644 438 696 et
453 633 556 717 gloria
571 633 761 716 amplificati
784 634 838 697 uel
860 655 1066 717 corrumpere
1089 656 1194 697 mores
1218 633 1301 696 ciui-

266 737 343 802 tatis
365 737 420 800 uel
443 736 602 821 corrigere
625 747 770 819 possunt.
794 737 851 799 sed
869 737 951 799 haec
972 748 1005 800 et
1019 758 1109 799 nunc
1125 737 1202 799 satis
1217 749 1250 799 et
1265 737 1301 799 in

266 841 332 904 illis
354 839 446 902 libris
469 849 606 902 tractata
632 851 710 902 sunt
730 839 934 924 diligentius:
968 861 1031 922 qua
1054 862 1088 902 re
1112 840 1153 901 ad
1175 839 1301 923 reliqua

268 943 450 1007 ueniamus.
1332 959 1344 998 5

219 1010 260 1158 ἐξ
332 1045 526 1108 Proximum
541 1057 652 1109 autem
668 1056 716 1108 est
731 1044 792 1127 def
819 1045 828 1127 l
845 1044 1012 1128 suffragiis,
1031 1067 1113 1127 quae
1129 1045 1225 1107 iubeo
1241 1066 1302 1107 uo-

268 1159 302 1212 ta
325 1171 392 1212 esse
415 1148 635 1232 optimatibus,
659 1147 781 1231 populo
804 1147 915 1210 libera.

333 1255 484 1314 Arrlovs.
512 1252 563 1315 Ita
578 1251 722 1314 mercule
738 1251 871 1327 attendi,
889 1273 950 1313 neo
966 1251 1042 1313 satis
1057 1251 1207 1312 intellexi
1223 1250 1302 1333 quid

267 1353 331 1418 sibi
352 1355 407 1418 lex
429 1365 486 1417 aut
509 1354 588 1436 quid
611 1355 712 1417 uerba
734 1353 795 1416 ista
818 1354 951 1416 uellent.

332 1458 483 1521 Mauors.
507 1458 633 1536 Dicam,
659 1457 741 1535 Tite,
767 1467 799 1519 et
822 1458 975 1519 uersabor
997 1456 1033 1519 in
1056 1479 1090 1518 re
1113 1455 1241 1518 difficili
1265 1478 1301 1518 ao
1321 1473 1345 1512 10

268 1561 412 1623 multum
435 1572 467 1624 et
489 1582 584 1644 saepe
600 1560 753 1643 quaesita,
771 1558 923 1644 suffragia
944 1560 980 1622 in
1002 1559 1193 1644 magistratu
1208 1580 1302 1620 man-

270 1663 377 1725 dando
401 1684 438 1725 ae
454 1663 494 1726 de
517 1685 572 1726 reo
594 1663 771 1725 iudicando
787 1663 1010 1746 sciscendaque
1032 1663 1068 1725 in
1090 1663 1161 1747 lege
1178 1674 1235 1724 aut
1250 1684 1302 1724 ro-

269 1765 400 1848 gatione
423 1765 509 1828 olam
531 1788 573 1828 an
595 1766 704 1849 palam
727 1765 803 1829 ferri
826 1766 944 1829 melius
967 1777 1057 1829 esset.

270 2075 285 2124 4
303 2046 414 2126 trasiniis
428 2074 455 2124 A
560 2074 575 2124 6
593 2073 749 2142 proximum
766 2082 856 2127 autem
876 2082 918 2127 est
936 2074 1096 2127 deteriorum
1108 2074 1305 2137 555550815-

265 2159 375 2228 planus
392 2155 534 2228 proximus
551 2163 656 2210 aureo·
679 2161 707 2210 A
725 2151 804 2228 ‘pxui
823 2156 915 2211 aute·
936 2162 963 2213 B
980 2159 1136 2229 proximum
1154 2168 1195 2214 est
1212 2166 1305 2212 autem

271 2244 308 2296 R.
324 2245 485 2313 Stephanus,
500 2243 571 2311 quod
583 2243 702 2312 prodant
719 2245 895 2298 recentiorum
912 2245 1039 2298 nonnulli
1055 2245 1244 2299 emendationis
1262 2265 1304 2315 qe·

269 2346 331 2382 nere
350 2329 399 2392 usi,
417 2329 487 2398 quod
498 2328 548 2380 etsi
559 2328 650 2380 multis
662 2330 767 2396 placere
778 2331 864 2394 uideo,
874 2347 1032 2400 peruersum
1050 2348 1104 2384 esse
1116 2332 1223 2384 iudico.-
1242 2349 1304 2402 pro·

270 2411 361 2467 ximus
381 2431 472 2466 errore
489 2413 618 2482 scripturn
631 2420 746 2484 propter
763 2413 907 2469 ueniamus
1028 2413 1230 2485 dernsuffragus
1246 2419 1305 2469 AB

270 2503 309 2572 cs.
326 2500 458 2553 Acadern.
473 2501 497 2563 2,
508 2517 539 2568 p.
554 2501 597 2564 55,
614 2502 645 2551 14
664 2501 761 2554 Halm.
777 2501 825 2571 qui
843 2501 906 2555 dein
924 2501 1024 2556 bonis.
1042 2544 1047 2555 .
1062 2501 1219 2572 discrepant
1236 2502 1264 2554 in
1277 2505 1304 2556 B

357 2587 372 2637 8
391 2583 512 2638 mercule
531 2585 559 2638 B
575 2585 712 2639 mercule*
731 2589 775 2646 A:
795 2591 831 2658 cs.
847 2606 875 2656 p.
892 2589 943 2651 6,1
1034 2587 1141 2640 suendi
1160 2589 1219 2640 AB

265 2669 397 2724 ‘intellexi
417 2667 592 2748 qurdlrlulerr
607 2671 675 2739 qurd
687 2671 737 2725 lrbr
747 2671 793 2725 lex
802 2674 805 2740 l
814 2690 864 2725 aur
874 2674 900 2724 A
913 2671 1039 2726 rnrelleru
1052 2673 1119 2742 quui
1130 2670 1228 2727 lrbrlex
1236 2673 1305 2742 1q1d-

270 2772 368 2827 librlex
386 2791 437 2826 aur
450 2774 478 2825 B
575 2777 606 2826 10
625 2773 741 2828 diffrcrle
754 2775 782 2827 B
880 2778 909 2828 11
930 2774 1075 2845 suffragia*
1089 2780 1117 2828 A
1136 2775 1265 2845 suffragii
1277 2777 1305 2828 B

373 2856 578 2927 1nlmagrsrraru
595 2859 721 2914 audando
740 2863 768 2914 B
785 2860 1154 2930 rnmafflltrawmsandsndo
1173 2864 1201 2914 Α

273 2946 304 2996 12
322 2961 353 2997 ac
371 2943 406 2997 de
420 2943 623 3015 Feldlaueqelius
642 2965 676 2999 an
696 2944 730 2999 de
741 2947 799 2998 AB
817 2954 865 2999 aut
883 2947 917 3001 de
935 2947 1062 3000 editiones
1155 2945 1303 2999 iudicando

268 3028 481 3098 (sciscendalque
499 3030 527 3082 in
544 3030 607 3100 lege
619 3039 667 3084 aut
679 3032 821 3100 rogatione
834 3033 933 3105 scripsi
943 3032 1090 3086 1udrcaudo
1103 3030 1242 3102 quuulege
1255 3049 1305 3084 aur

273 3132 418 3184 rogauone
437 3116 496 3167 AB
513 3115 660 3170 iudicando
679 3124 727 3170 aut
743 3116 805 3186 lege
824 3125 872 3171 aut
883 3117 1026 3188 rogatione
1039 3117 1179 3171 sciscenda
1192 3118 1230 3169 R.
1244 3118 1304 3170 Ste-
1354 3113 1357 3120 '

268 3202 378 3272 planus
396 3199 543 3254 iudicando
563 3209 644 3271 atque
662 3203 691 3255 iu
707 3201 768 3272 lege
788 3210 835 3256 aut
859 3204 1002 3272 rogatione
1025 3203 1163 3256 Turnebus
1181 3202 1303 3256 iudican-

272 3285 307 3339 do
325 3294 406 3356 atque
425 3285 455 3338 in
471 3284 565 3355 legum
586 3287 730 3356 rogatione
752 3298 859 3343 auctore
878 3289 1020 3358 Maduiqio
1039 3289 1172 3344 Halmius
1192 3294 1216 3341 et
1235 3289 1293 3341 Bai

271 3376 358 3436 terus,
380 3372 450 3442 quod
467 3372 535 3424 utili
555 3360 733 3427 concinnitate
755 3376 906 3428 dissuaderi
925 3376 1044 3438 uidetur,
1066 3393 1130 3427 narn
1147 3394 1195 3428 nec
1210 3373 1305 3444 legum

271 3476 318 3510 nec
336 3456 480 3526 rogatione
501 3457 546 3510 sed
567 3459 660 3510 saltem
682 3459 710 3511 in
722 3458 789 3535 ‘lege
808 3460 930 3531 roganda
952 3460 1117 3531 scripsisset,
1138 3463 1163 3514 si
1179 3461 1256 3514 modo
1276 3463 1305 3531 in

271 3545 394 3611 reconda
412 3560 444 3594 ac
462 3560 516 3596 non
533 3546 622 3611 potius
641 3545 670 3597 in
688 3545 824 3599 sciscenda
836 3548 892 3616 1595
904 3548 1038 3618 suffraqia
1048 3549 1203 3616 ferrentur,
1217 3548 1306 3616 [neque

272 3626 446 3697 iubendaque
458 3629 491 3681 de
504 3630 641 3682 Husclrlrii
657 3631 783 3700 opinione
801 3632 900 3685 rectius
918 3633 1053 3696 scribetur,
1075 3632 1121 3685 cui
1138 3634 1304 3686 coniecturae

266 3731 337 3782 quae
352 3733 382 3784 p.
399 3715 457 3776 195,
474 3714 505 3764 15
519 3715 642 3783 lequntur
654 3715 687 3768 de
699 3715 827 3770 iubendis
844 3717 954 3786 legibus
973 3735 1004 3771 ac
1021 3718 1149 3771 uetandis
1169 3720 1208 3782 (dc
1221 3737 1260 3771 or.
1277 3721 1300 3780 1,

275 3801 314 3863 14,
334 3803 378 3864 60)
405 3800 494 3852 obesse
510 3801 596 3869 maqis
614 3819 692 3869 quam
707 3805 834 3871 prodesse
851 3804 949 3864 sentim·
973 3807 1045 3872 conf.
1063 3805 1089 3856 si
1107 3799 1177 3856 tanti
1193 3809 1232 3857 est
1245 3820 1300 3872 pro

272 3885 367 3938 Plane.
385 3888 424 3949 14,
440 3885 472 3934 35
492 3883 565 3953 quod
582 3885 686 3954 primus
706 3887 789 3942 sciuit
804 3888 893 3958 legem
910 3908 1027 3959 quaeque
1043 3890 1083 3942 ibi
1092 3894 1253 3958 sequuntur;
1274 3893 1299 3942 ct

272 3988 356 4039 supra
364 3989 395 4038 p.
412 3971 470 4033 101,
487 3971 538 4034 l5l:
554 3972 623 4039 qzcod
638 3977 725 4025 autem
737 3971 799 4042 lege
817 3981 865 4027 aut
883 3974 1026 4043 rogatione
1038 3975 1174 4038 scribitur,
1189 3993 1242 4028 non
1250 3993 1306 4044 pu-

273 4061 298 4108 to
317 4056 448 4109 dissimile
466 4073 519 4108 esse
540 4058 562 4119 1,
580 4058 620 4119 16,
635 4058 667 4108 43
688 4058 826 4127 suffragiis
840 4067 887 4112 aut
900 4059 976 4113 scitis
989 4058 1189 4112 multitudinis:
1210 4061 1303 4130 inquo

272 4143 343 4211 quod
361 4152 389 4195 et
406 4141 489 4195 scrcln'
505 4159 557 4211 pro
576 4149 624 4194 aut
642 4142 720 4196 iussit
738 4144 860 4210 Badius,
882 4145 1101 4199 constantiensis
1120 4146 1224 4214 quidem
1239 4165 1305 4215 pro-

323 4255 366 4286 c1c.
382 4256 432 4285 rao.
446 4256 471 4284 u.
1065 4250 1095 4301 13
