2940 4890
250 373 309 436 180
651 371 728 435 1118,
751 370 862 420 rs-ro

248 543 364 606 omitto
387 564 484 625 quem
507 543 547 604 ad
570 542 705 604 modum
726 540 780 604 isti
802 562 835 604 se
858 552 974 625 gerant
997 551 1094 624 atque
1109 543 1278 627 gesserint,

249 647 306 729 qui
328 644 490 728 legatione
511 644 701 707 hereditatis
724 653 781 706 aut
798 644 998 727 syngraphas
1012 666 1087 708 suas
1101 666 1282 728 persecun-

248 759 310 827 tur,
335 749 371 811 in
393 747 582 811 hominibus
605 757 653 810 est
674 746 736 810 hoc
759 745 892 810 fortasse
915 746 1044 824 uitium,
1068 749 1125 810 sed
1148 769 1277 831 quaero,

250 852 329 936 quid
352 872 464 934 reapse
485 850 528 913 sit
549 849 678 933 turpius
694 870 792 932 quam
815 849 885 912 sine
907 850 1136 932 procuratione
1150 862 1282 914 senator

218 955 383 1038 alegatus
409 954 479 1016 sine
502 952 672 1030 mandatis,
697 952 767 1015 sine
789 952 858 1014 ullo
881 952 1101 1035 reipublicae
1124 956 1281 1016 muneret

249 1058 336 1140 quod
359 1055 492 1139 quidem
513 1078 617 1141 genus
643 1054 815 1139 legationis
845 1076 903 1139 ego
927 1057 1055 1133 consul,
1081 1076 1282 1139 quamquam

248 1162 290 1223 ad
313 1160 520 1224 commodum
542 1168 673 1223 senatus
695 1159 858 1241 pertinere
881 1159 1062 1237 uidebatur,
1087 1169 1206 1222 tamen¹
1223 1160 1281 1222 ad-

247 1266 406 1348 probante
433 1274 548 1326 senatu
575 1261 853 1345 frequentissimo,
878 1263 942 1326 nisi
964 1263 1047 1325 mibi
1068 1262 1152 1325 leuis
1176 1263 1282 1326 tribu-

248 1390 311 1430 nus
333 1366 437 1451 plebis
460 1375 531 1428 tum
553 1366 794 1446 intercessisset,
812 1366 1023 1431 sustulissem.
1048 1365 1155 1427 minui
1170 1375 1282 1429 tamen

206 1486 230 1526 10
249 1480 378 1552 tempus
401 1479 441 1547 et,
467 1470 555 1551 quod
577 1480 646 1533 erat
667 1471 849 1550 infinitum,
874 1491 1024 1533 annuum
1045 1467 1117 1531 feci.
1141 1469 1189 1532 ita
1211 1479 1282 1532 tur-

248 1572 363 1657 pitudo
386 1582 497 1635 manet
518 1573 733 1637 diuturnitate
756 1574 891 1637 sublata.
921 1574 979 1636 sed
1005 1573 1086 1650 iam,
1111 1572 1140 1635 si
1160 1572 1279 1654 placet,

249 1676 289 1738 de
311 1674 491 1759 prouinciis
514 1676 690 1739 decedatur
711 1676 747 1739 iu
770 1679 950 1759 urbemque
973 1676 1132 1738 redeatur.

312 1781 464 1841 Arrrcvs.
495 1777 599 1841 Nobis
622 1801 700 1842 uero
722 1781 837 1863 placet,
861 1781 918 1843 sed
937 1779 985 1856 iis,
1006 1779 1063 1861 qui
1085 1778 1122 1840 in
1142 1777 1282 1862 prouin-

248 1880 307 1944 ciis
330 1891 414 1959 sunt,
439 1881 574 1945 minime
596 1883 712 1965 placet.

207 2000 231 2042 n
313 1985 464 2047 Mnacvs.
495 1987 539 2047 At
561 2007 648 2064 uero,
665 1985 747 2064 Tite,
772 1987 800 2049 si
821 1986 984 2085 parebunt
1004 1984 1056 2046 his
1071 1983 1209 2068 legibus,
1228 1984 1283 2046 ni-
1295 1992 1327 2048 19

249 2086 298 2148 hil
321 2086 383 2150 erit
404 2087 444 2149 iis
466 2089 555 2165 urbe,
580 2087 665 2151 nihil
688 2088 783 2152 domo
806 2110 865 2152 sua
888 2087 1031 2165 dulcius,
1056 2108 1117 2150 nec
1139 2086 1282 2152 laborio-

366 2380 377 2429 1
398 2375 462 2431 isus
479 2395 595 2447 egerant
612 2380 640 2432 Β
657 2375 853 2446 ilusesgeranr
871 2381 899 2443 (e
912 2382 978 2447 post
995 2375 1009 2430 s
1024 2396 1037 2430 e
1055 2396 1123 2442 eoru,
1140 2378 1205 2447 fuit
1223 2377 1286 2432 ilus

250 2483 375 2550 egerant)
396 2483 424 2533 A
537 2454 626 2551 adque
643 2483 671 2533 A
785 2478 964 2549 2hlgarrone
982 2482 1010 2534 Β
1122 2479 1286 2552 imgraphsl

249 2601 308 2637 corr
325 2581 375 2655 syn
394 2585 422 2636 A
441 2581 590 2654 syngrapas
605 2586 633 2638 Β
742 2585 757 2634 3
776 2549 925 2636 lomlmbus
940 2587 967 2636 A
1078 2590 1120 2638 est
1138 2585 1283 2639 deteriores

248 2669 274 2722 dc
293 2671 350 2723 AB
460 2675 535 2723 ureris
554 2671 581 2724 Β
689 2686 774 2740 quero
794 2672 821 2725 B
933 2671 950 2720 4
967 2686 1064 2740 reapse
1077 2671 1113 2724 R.
1129 2671 1284 2741 Stephanus

247 2755 313 2808 reab
330 2753 357 2808 se
369 2757 397 2809 Β
414 2773 444 2808 re
461 2754 512 2809 hae
529 2756 576 2808 sed
592 2754 643 2808 hae
660 2756 690 2810 in
707 2773 805 2808 rasura
817 2758 844 2807 A
947 2754 1140 2825 procuratione
1152 2757 1283 2812 editiones

248 2857 408 2927 peurarolri
421 2857 449 2909 Β
463 2851 671 2928 procuratorem
683 2861 711 2911 A
812 2853 892 2910 lensi
903 2859 931 2911 Β
949 2855 1061 2912 senator
1077 2859 1123 2932 sed
1140 2877 1157 2912 ο
1175 2878 1240 2914 corr
1250 2879 1283 2914 ea

248 2979 267 3013 u
286 2962 314 3014 A
419 2959 649 3016 subotae-13
666 2953 796 3030 ullosllfa‘r
816 2959 853 3027 (ul
870 2960 900 3013 in
917 2963 1021 3024 rasura)
1041 2962 1068 3013 A
1179 2960 1283 3032 dhga·

247 3044 335 3100 rionis
350 3047 377 3098 Β
481 3046 662 3101 luidebatur
679 3066 693 3101 e
711 3048 768 3101 eod.
785 3045 898 3101 Vrsinus
917 3044 1050 3100 uideatur
1069 3049 1127 3103 AB
1236 3047 1282 3102 all·

247 3151 382 3220 pbanrem
396 3153 424 3205 Β
443 3121 641 3221 adprobanrein
659 3153 687 3203 A
792 3152 807 3201 8
826 3147 939 3202 senatus
955 3152 983 3203 A
1087 3147 1160 3204 lerul'
1174 3152 1224 3207 aad
1241 3149 1286 3205 rus

248 3235 278 3288 in
294 3254 394 3289 rasura
412 3241 438 3289 A
454 3233 527 3288 leurs
542 3238 578 3301 B,
600 3238 668 3307 quod
686 3255 734 3291 eur
751 3235 920 3307 displicuerit
933 3234 1060 3298 Halmio,
1080 3253 1144 3290 nam
1155 3235 1284 3291 Mesenis

248 3320 339 3374 tanet
356 3321 386 3374 in
404 3322 556 3391 quisquiliis
574 3323 735 3387 editionum,
755 3342 808 3376 non
831 3322 967 3392 intelli90;
986 3339 1069 3390 neque
1092 3322 1163 3376 enim
1184 3341 1284 3377 nomen

132 3449 134 3453 ,
244 3405 316 3474 poni
332 3406 443 3470 tribuni,
459 3426 535 3476 quem
552 3410 710 3462 admodum
727 3409 757 3461 in
775 3408 937 3461 editionibus
954 3406 1112 3476 quidusdam
1128 3409 1285 3462 uetustiori-

249 3492 296 3545 dus
314 3491 437 3545 Leuinus
461 3492 569 3561 legitur,
589 3495 769 3547 necessarium
785 3494 864 3564 suit,
884 3511 932 3546 nec
954 3491 1113 3547 leuissimus
1130 3493 1199 3564 qued
1219 3501 1285 3566 pest

253 3611 404 3665 Turnebum
415 3613 542 3667 nonnulli
555 3614 675 3667 scribunt
693 3615 785 3684 aptius
797 3632 877 3684 quam
894 3613 965 3668 leuis
1055 3617 1070 3666 9
1087 3579 1241 3669 miserulis
1254 3618 1284 3669 A

352 3715 459 3751 minuta
476 3700 568 3751 menri
585 3697 697 3770 tempus
713 3698 757 3752 ess
772 3698 810 3768 qd
827 3703 855 3755 Β
964 3703 996 3753 10
1015 3717 1134 3753 annuum
1153 3700 1286 3756 editiones

249 3789 322 3837 annu
340 3786 394 3838 AB
504 3786 533 3835 11
554 3782 676 3838 sublatas
691 3787 720 3839 B
828 3788 875 3839 Ad
892 3787 1011 3850 Aa15,
1028 3788 1105 3850 11,4
1124 3792 1152 3839 et
1167 3785 1283 3852 habent,

249 3869 355 3939 opinor,
374 3868 478 3922 liberae
494 3868 646 3938 legationes
670 3870 812 3924 definitum
829 3879 937 3942 tempus
954 3871 1016 3941 lege
1034 3869 1106 3924 Iulia
1126 3888 1178 3926 nee
1200 3871 1286 3927 facile
1316 3919 1317 3923 ,

249 3953 314 4009 addi
330 3962 423 4026 potest
527 3958 559 4008 12
576 3962 601 4008 et
620 3954 856 4027 13prou1nn1sA
960 3975 989 4010 m
1006 3957 1074 4011 urbii
1092 3974 1146 4039 que
1157 3961 1185 4010 A

250 4050 488 4129 13l31s13h1sA
596 4062 626 4111 15
645 4060 681 4114 sd
697 4061 725 4113 B
743 4034 817 4128 adA
921 4061 1057 4130 parebunt
1073 4060 1219 4114 aanor„
1235 4033 1295 4132 pa·—

247 4162 346 4215 rebant
364 4163 391 4216 B
407 4153 545 4231 parebant
562 4164 589 4215 A
695 4166 726 4217 16
745 4164 829 4217 urbe*
845 4166 873 4216 A
977 4155 1041 4216 dorii
1058 4181 1095 4216 ua
1113 4164 1146 4230 (t.
1160 4181 1182 4216 a
1196 4163 1285 4219 domu
