<?xml version="1.0" encoding="UTF-8"?>
<!DOCTYPE html PUBLIC "-//W3C//DTD XHTML 1.0 Transitional//EN"
    "http://www.w3.org/TR/xhtml1/DTD/xhtml1-transitional.dtd">
<html xmlns="http://www.w3.org/1999/xhtml" xml:lang="en" lang="en">
 <head>
  <title>
</title>
<meta http-equiv="Content-Type" content="text/html;charset=utf-8" />
  <meta name='ocr-system' content='tesseract 3.04.00' />
  <meta name='ocr-capabilities' content='ocr_page ocr_carea ocr_par ocr_line ocrx_word'/>
</head>
<body>
  <div class='ocr_page' id='page_1' title='image "./delegibuslibri00cicegoog_0028.png"; bbox 0 0 2994 4884; ppageno 0'>
   <div class='ocr_carea' id='block_1_1' title="bbox 230 413 969 468">
    <p class='ocr_par' dir='ltr' id='par_1_1' title="bbox 230 413 969 468">
     <span class='ocr_line' id='line_1_1' title="bbox 230 413 969 468; baseline -0.011 -8"><span class='ocrx_word' id='word_1_1' title='bbox 230 426 302 468; x_wconf 76' lang='lat' dir='ltr'>xxfl</span> <span class='ocrx_word' id='word_1_2' title='bbox 526 414 688 455; x_wconf 79' lang='lat' dir='ltr'><strong>PRAEFATIO</strong></span> <span class='ocrx_word' id='word_1_3' title='bbox 706 415 804 454; x_wconf 70' lang='lat' dir='ltr'>Novas</span> <span class='ocrx_word' id='word_1_4' title='bbox 822 413 969 454; x_wconf 82' lang='lat' dir='ltr'>EDI&#39;l&#39;IONIS</span> 
     </span>
    </p>
   </div>
   <div class='ocr_carea' id='block_1_2' title="bbox 226 573 1269 1384">
    <p class='ocr_par' dir='ltr' id='par_1_2' title="bbox 228 573 1269 901">
     <span class='ocr_line' id='line_1_2' title="bbox 228 573 1267 659; baseline -0.001 -19"><span class='ocrx_word' id='word_1_5' title='bbox 228 577 346 640; x_wconf 89' lang='lat' dir='ltr'>nifesto</span> <span class='ocrx_word' id='word_1_6' title='bbox 376 575 543 659; x_wconf 82' lang='lat' dir='ltr'>refragari,</span> <span class='ocrx_word' id='word_1_7' title='bbox 568 597 676 657; x_wconf 90' lang='lat' dir='ltr'>neque</span> <span class='ocrx_word' id='word_1_8' title='bbox 700 575 818 637; x_wconf 87' lang='lat' dir='ltr'><strong>desunt</strong></span> <span class='ocrx_word' id='word_1_9' title='bbox 846 573 1009 656; x_wconf 80' lang='lat' dir='ltr'>exempla,</span> <span class='ocrx_word' id='word_1_10' title='bbox 1036 575 1153 657; x_wconf 92' lang='lat' dir='ltr'>quibus</span> <span class='ocrx_word' id='word_1_11' title='bbox 1177 598 1267 658; x_wconf 91' lang='lat' dir='ltr'>quae</span> 
     </span>
     <span class='ocr_line' id='line_1_3' title="bbox 228 694 1269 779; baseline -0.002 -18"><span class='ocrx_word' id='word_1_12' title='bbox 228 721 306 761; x_wconf 90' lang='lat' dir='ltr'>uera</span> <span class='ocrx_word' id='word_1_13' title='bbox 331 708 409 760; x_wconf 85' lang='lat' dir='ltr'>sunt</span> <span class='ocrx_word' id='word_1_14' title='bbox 431 707 463 759; x_wconf 87' lang='lat' dir='ltr'>et</span> <span class='ocrx_word' id='word_1_15' title='bbox 484 695 652 779; x_wconf 89' lang='lat' dir='ltr'>primitiua</span> <span class='ocrx_word' id='word_1_16' title='bbox 678 695 713 756; x_wconf 93' lang='lat' dir='ltr'>in</span> <span class='ocrx_word' id='word_1_17' title='bbox 736 696 837 758; x_wconf 89' lang='lat' dir='ltr'>altero</span> <span class='ocrx_word' id='word_1_18' title='bbox 861 705 933 759; x_wconf 87' lang='lat' dir='ltr'>utro</span> <span class='ocrx_word' id='word_1_19' title='bbox 956 694 1114 758; x_wconf 88' lang='lat' dir='ltr'>Vossiano</span> <span class='ocrx_word' id='word_1_20' title='bbox 1143 697 1269 760; x_wconf 89' lang='lat' dir='ltr'>omissa</span> 
     </span>
     <span class='ocr_line' id='line_1_4' title="bbox 228 816 1265 901; baseline -0.002 -20"><span class='ocrx_word' id='word_1_21' title='bbox 228 830 260 882; x_wconf 94' lang='lat' dir='ltr'>et</span> <span class='ocrx_word' id='word_1_22' title='bbox 282 840 380 901; x_wconf 89' lang='lat' dir='ltr'>supra</span> <span class='ocrx_word' id='word_1_23' title='bbox 403 838 535 879; x_wconf 90' lang='lat' dir='ltr'>uersum</span> <span class='ocrx_word' id='word_1_24' title='bbox 557 816 683 878; x_wconf 86' lang='lat' dir='ltr'>adiecta</span> <span class='ocrx_word' id='word_1_25' title='bbox 705 827 783 878; x_wconf 90' lang='lat' dir='ltr'>sunt</span> <span class='ocrx_word' id='word_1_26' title='bbox 804 816 853 896; x_wconf 86' lang='lat' dir='ltr'>(cf.</span> <span class='ocrx_word' id='word_1_27' title='bbox 869 838 901 898; x_wconf 92' lang='lat' dir='ltr'>p.</span> <span class='ocrx_word' id='word_1_28' title='bbox 923 823 990 895; x_wconf 84' lang='lat'>132,</span> <span class='ocrx_word' id='word_1_29' title='bbox 1011 826 1078 879; x_wconf 77' lang='lat' dir='ltr'>det</span> <span class='ocrx_word' id='word_1_30' title='bbox 1097 839 1128 899; x_wconf 92' lang='lat' dir='ltr'>p.</span> <span class='ocrx_word' id='word_1_31' title='bbox 1147 824 1197 895; x_wconf 80' lang='lat'>26,</span> <span class='ocrx_word' id='word_1_32' title='bbox 1221 821 1265 900; x_wconf 86' lang='lat'>1).</span> 
     </span>
    </p>

    <p class='ocr_par' dir='ltr' id='par_1_3' title="bbox 226 935 1268 1384">
     <span class='ocr_line' id='line_1_5' title="bbox 315 935 1268 1019; baseline -0.001 -18"><span class='ocrx_word' id='word_1_33' title='bbox 315 938 400 1001; x_wconf 83' lang='lat' dir='ltr'>Satis</span> <span class='ocrx_word' id='word_1_34' title='bbox 423 936 541 999; x_wconf 83' lang='lat' dir='ltr'>dixisse</span> <span class='ocrx_word' id='word_1_35' title='bbox 565 935 679 998; x_wconf 88' lang='lat' dir='ltr'>uideor</span> <span class='ocrx_word' id='word_1_36' title='bbox 701 937 740 999; x_wconf 93' lang='lat' dir='ltr'>de</span> <span class='ocrx_word' id='word_1_37' title='bbox 764 935 874 999; x_wconf 91' lang='lat' dir='ltr'>codice</span> <span class='ocrx_word' id='word_1_38' title='bbox 895 936 1086 1013; x_wconf 86' lang='lat' dir='ltr'>Heinsiano,</span> <span class='ocrx_word' id='word_1_39' title='bbox 1112 938 1268 1019; x_wconf 90' lang='lat' dir='ltr'>quando-</span> 
     </span>
     <span class='ocr_line' id='line_1_6' title="bbox 229 1056 1267 1142; baseline -0.002 -20"><span class='ocrx_word' id='word_1_40' title='bbox 229 1059 362 1142; x_wconf 87' lang='lat' dir='ltr'>quidem</span> <span class='ocrx_word' id='word_1_41' title='bbox 382 1057 571 1120; x_wconf 90' lang='lat' dir='ltr'>uniuersam</span> <span class='ocrx_word' id='word_1_42' title='bbox 593 1056 772 1139; x_wconf 83' lang='lat' dir='ltr'>scripturae</span> <span class='ocrx_word' id='word_1_43' title='bbox 796 1056 1055 1138; x_wconf 79' lang='lat' dir='ltr'>discrepantiam,</span> <span class='ocrx_word' id='word_1_44' title='bbox 1081 1079 1180 1140; x_wconf 90' lang='lat' dir='ltr'>quam</span> <span class='ocrx_word' id='word_1_45' title='bbox 1203 1059 1267 1120; x_wconf 88' lang='lat' dir='ltr'>ad-</span> 
     </span>
     <span class='ocr_line' id='line_1_7' title="bbox 227 1177 1268 1261; baseline -0.002 -17"><span class='ocrx_word' id='word_1_46' title='bbox 227 1179 351 1244; x_wconf 81' lang='lat' dir='ltr'>notatio</span> <span class='ocrx_word' id='word_1_47' title='bbox 375 1178 533 1261; x_wconf 83' lang='lat' dir='ltr'>digestam</span> <span class='ocrx_word' id='word_1_48' title='bbox 555 1187 653 1254; x_wconf 86' lang='lat' dir='ltr'>tenet‚</span> <span class='ocrx_word' id='word_1_49' title='bbox 679 1198 852 1260; x_wconf 86' lang='lat' dir='ltr'>congerere</span> <span class='ocrx_word' id='word_1_50' title='bbox 879 1177 914 1238; x_wconf 94' lang='lat' dir='ltr'>in</span> <span class='ocrx_word' id='word_1_51' title='bbox 935 1177 1171 1260; x_wconf 86' lang='lat' dir='ltr'>praefationem</span> <span class='ocrx_word' id='word_1_52' title='bbox 1194 1201 1268 1242; x_wconf 92' lang='lat' dir='ltr'>non</span> 
     </span>
     <span class='ocr_line' id='line_1_8' title="bbox 226 1296 1268 1384; baseline -0.002 -21"><span class='ocrx_word' id='word_1_53' title='bbox 226 1322 376 1384; x_wconf 73' lang='lat' dir='ltr'>possum3</span> <span class='ocrx_word' id='word_1_54' title='bbox 400 1320 533 1380; x_wconf 91' lang='lat' dir='ltr'>remque</span> <span class='ocrx_word' id='word_1_55' title='bbox 557 1319 594 1360; x_wconf 94' lang='lat' dir='ltr'>eo</span> <span class='ocrx_word' id='word_1_56' title='bbox 616 1297 688 1360; x_wconf 91' lang='lat' dir='ltr'>loco</span> <span class='ocrx_word' id='word_1_57' title='bbox 712 1319 780 1359; x_wconf 90' lang='lat' dir='ltr'>esse</span> <span class='ocrx_word' id='word_1_58' title='bbox 803 1296 853 1361; x_wconf 92' lang='lat' dir='ltr'>aio</span> <span class='ocrx_word' id='word_1_59' title='bbox 877 1318 941 1379; x_wconf 92' lang='lat' dir='ltr'>quo</span> <span class='ocrx_word' id='word_1_60' title='bbox 962 1319 989 1358; x_wconf 89' lang='lat' dir='ltr'>a.</span> <span class='ocrx_word' id='word_1_61' title='bbox 1007 1318 1187 1361; x_wconf 81' lang='lat' dir='ltr'>nnoocnxx</span> <span class='ocrx_word' id='word_1_62' title='bbox 1203 1321 1268 1382; x_wconf 93' lang='lat' dir='ltr'>po-</span> 
     </span>
    </p>
   </div>
   <div class='ocr_carea' id='block_1_3' title="bbox 228 1416 1267 1501">
    <p class='ocr_par' dir='ltr' id='par_1_4' title="bbox 228 1416 1267 1501">
     <span class='ocr_line' id='line_1_9' title="bbox 228 1416 1267 1501; baseline -0.001 -17"><span class='ocrx_word' id='word_1_63' title='bbox 228 1442 358 1484; x_wconf 86' lang='lat' dir='ltr'>sueram</span> <span class='ocrx_word' id='word_1_64' title='bbox 380 1440 518 1500; x_wconf 92' lang='lat' dir='ltr'>raroque</span> <span class='ocrx_word' id='word_1_65' title='bbox 547 1417 626 1480; x_wconf 90' lang='lat' dir='ltr'>alias</span> <span class='ocrx_word' id='word_1_66' title='bbox 653 1426 721 1479; x_wconf 91' lang='lat' dir='ltr'>tam</span> <span class='ocrx_word' id='word_1_67' title='bbox 750 1416 868 1479; x_wconf 92' lang='lat' dir='ltr'>leuiter</span> <span class='ocrx_word' id='word_1_68' title='bbox 889 1426 1021 1500; x_wconf 90' lang='lat' dir='ltr'>tamque</span> <span class='ocrx_word' id='word_1_69' title='bbox 1044 1440 1197 1501; x_wconf 89' lang='lat' dir='ltr'>peruerse</span> <span class='ocrx_word' id='word_1_70' title='bbox 1227 1420 1267 1483; x_wconf 93' lang='lat' dir='ltr'>in</span> 
     </span>
    </p>
   </div>
   <div class='ocr_carea' id='block_1_4' title="bbox 226 1536 1267 4157">
    <p class='ocr_par' dir='ltr' id='par_1_5' title="bbox 228 1536 1224 1621">
     <span class='ocr_line' id='line_1_10' title="bbox 228 1536 1224 1621; baseline -0.001 -17"><span class='ocrx_word' id='word_1_71' title='bbox 228 1563 325 1604; x_wconf 90' lang='lat' dir='ltr'>causa</span> <span class='ocrx_word' id='word_1_72' title='bbox 348 1539 520 1602; x_wconf 89' lang='lat' dir='ltr'>manifesta</span> <span class='ocrx_word' id='word_1_73' title='bbox 543 1537 742 1621; x_wconf 90' lang='lat' dir='ltr'>minimeque</span> <span class='ocrx_word' id='word_1_74' title='bbox 766 1537 919 1620; x_wconf 88' lang='lat' dir='ltr'>ambigua</span> <span class='ocrx_word' id='word_1_75' title='bbox 941 1536 1123 1602; x_wconf 77' lang='lat' dir='ltr'>iudicatum</span> <span class='ocrx_word' id='word_1_76' title='bbox 1145 1562 1224 1604; x_wconf 90' lang='lat' dir='ltr'>esse.</span> 
     </span>
    </p>

    <p class='ocr_par' dir='ltr' id='par_1_6' title="bbox 226 1657 1267 4037">
     <span class='ocr_line' id='line_1_11' title="bbox 291 1657 1267 1741; baseline 0.002 -18"><span class='ocrx_word' id='word_1_77' title='bbox 291 1663 425 1723; x_wconf 87' lang='lat' dir='ltr'>Praeter</span> <span class='ocrx_word' id='word_1_78' title='bbox 446 1659 667 1722; x_wconf 90' lang='lat' dir='ltr'>Heinsianum</span> <span class='ocrx_word' id='word_1_79' title='bbox 690 1657 760 1720; x_wconf 95' lang='lat' dir='ltr'>uidi</span> <span class='ocrx_word' id='word_1_80' title='bbox 785 1667 955 1741; x_wconf 93' lang='lat' dir='ltr'>totumque</span> <span class='ocrx_word' id='word_1_81' title='bbox 985 1660 1110 1722; x_wconf 87' lang='lat' dir='ltr'>contuli</span> <span class='ocrx_word' id='word_1_82' title='bbox 1139 1660 1267 1725; x_wconf 89' lang='lat' dir='ltr'>librum</span> 
     </span>
     <span class='ocr_line' id='line_1_12' title="bbox 228 1778 1265 1861; baseline 0 -16"><span class='ocrx_word' id='word_1_83' title='bbox 228 1782 461 1845; x_wconf 87' lang='lat' dir='ltr'>Monacensem</span> <span class='ocrx_word' id='word_1_84' title='bbox 483 1780 540 1861; x_wconf 91' lang='lat' dir='ltr'>qui</span> <span class='ocrx_word' id='word_1_85' title='bbox 562 1790 610 1843; x_wconf 89' lang='lat' dir='ltr'>est</span> <span class='ocrx_word' id='word_1_86' title='bbox 632 1779 667 1841; x_wconf 93' lang='lat' dir='ltr'>in</span> <span class='ocrx_word' id='word_1_87' title='bbox 689 1778 887 1842; x_wconf 90' lang='lat' dir='ltr'>bibliotheca</span> <span class='ocrx_word' id='word_1_88' title='bbox 910 1779 1132 1843; x_wconf 88' lang='lat' dir='ltr'>uniuersitatis</span> <span class='ocrx_word' id='word_1_89' title='bbox 1148 1805 1180 1843; x_wconf 90' lang='lat' dir='ltr'>n.</span> <span class='ocrx_word' id='word_1_90' title='bbox 1201 1789 1265 1846; x_wconf 89' lang='lat'>528</span> 
     </span>
     <span class='ocr_line' id='line_1_13' title="bbox 228 1899 1266 1987; baseline 0.001 -21"><span class='ocrx_word' id='word_1_91' title='bbox 228 1903 387 1987; x_wconf 64' lang='lat' dir='ltr'>signatum</span> <span class='ocrx_word' id='word_1_92' title='bbox 412 1901 452 1963; x_wconf 92' lang='lat' dir='ltr'>de</span> <span class='ocrx_word' id='word_1_93' title='bbox 475 1922 539 1982; x_wconf 93' lang='lat' dir='ltr'>quo</span> <span class='ocrx_word' id='word_1_94' title='bbox 561 1899 643 1963; x_wconf 92' lang='lat' dir='ltr'>libro</span> <span class='ocrx_word' id='word_1_95' title='bbox 667 1922 820 1983; x_wconf 88' lang='lat' dir='ltr'>magnam</span> <span class='ocrx_word' id='word_1_96' title='bbox 847 1922 937 1982; x_wconf 89' lang='lat' dir='ltr'>spem</span> <span class='ocrx_word' id='word_1_97' title='bbox 964 1900 1084 1963; x_wconf 86' lang='lat' dir='ltr'>fecerat</span> <span class='ocrx_word' id='word_1_98' title='bbox 1105 1903 1266 1967; x_wconf 90' lang='lat' dir='ltr'>Halmius</span> 
     </span>
     <span class='ocr_line' id='line_1_14' title="bbox 228 2019 1265 2104; baseline 0.002 -19"><span class='ocrx_word' id='word_1_99' title='bbox 228 2045 304 2085; x_wconf 93' lang='lat' dir='ltr'>cum</span> <span class='ocrx_word' id='word_1_100' title='bbox 326 2022 362 2084; x_wconf 89' lang='lat' dir='ltr'>in</span> <span class='ocrx_word' id='word_1_101' title='bbox 384 2020 585 2104; x_wconf 89' lang='lat' dir='ltr'>praefatione</span> <span class='ocrx_word' id='word_1_102' title='bbox 608 2019 763 2083; x_wconf 89' lang='lat' dir='ltr'>scriberet</span> <span class='ocrx_word' id='word_1_103' title='bbox 785 2042 817 2082; x_wconf 91' lang='lat' dir='ltr'>se</span> <span class='ocrx_word' id='word_1_104' title='bbox 839 2019 956 2097; x_wconf 79' lang='lat' dir='ltr'>dolere,</span> <span class='ocrx_word' id='word_1_105' title='bbox 983 2023 1070 2103; x_wconf 93' lang='lat' dir='ltr'>quod</span> <span class='ocrx_word' id='word_1_106' title='bbox 1091 2022 1181 2085; x_wconf 90' lang='lat' dir='ltr'>hunc</span> <span class='ocrx_word' id='word_1_107' title='bbox 1206 2047 1265 2088; x_wconf 89' lang='lat' dir='ltr'>co-</span> 
     </span>
     <span class='ocr_line' id='line_1_15' title="bbox 228 2139 1266 2227; baseline 0.003 -22"><span class='ocrx_word' id='word_1_108' title='bbox 228 2143 335 2206; x_wconf 90' lang='lat' dir='ltr'>dicem</span> <span class='ocrx_word' id='word_1_109' title='bbox 357 2142 486 2205; x_wconf 89' lang='lat' dir='ltr'>saeculo</span> <span class='ocrx_word' id='word_1_110' title='bbox 509 2140 683 2204; x_wconf 89' lang='lat' dir='ltr'>undecimo</span> <span class='ocrx_word' id='word_1_111' title='bbox 706 2140 809 2203; x_wconf 91' lang='lat' dir='ltr'>nitide</span> <span class='ocrx_word' id='word_1_112' title='bbox 832 2139 990 2223; x_wconf 89' lang='lat' dir='ltr'>scriptum</span> <span class='ocrx_word' id='word_1_113' title='bbox 1005 2141 1156 2227; x_wconf 88' lang='lat' dir='ltr'>idemque</span> <span class='ocrx_word' id='word_1_114' title='bbox 1173 2147 1266 2226; x_wconf 93' lang='lat' dir='ltr'>quod</span> 
     </span>
     <span class='ocr_line' id='line_1_16' title="bbox 227 2260 1264 2345; baseline 0 -18"><span class='ocrx_word' id='word_1_115' title='bbox 227 2263 379 2327; x_wconf 88' lang='lat' dir='ltr'>Vossiani</span> <span class='ocrx_word' id='word_1_116' title='bbox 394 2284 511 2345; x_wconf 90' lang='lat' dir='ltr'>corpus</span> <span class='ocrx_word' id='word_1_117' title='bbox 526 2260 721 2344; x_wconf 90' lang='lat' dir='ltr'>scriptorum</span> <span class='ocrx_word' id='word_1_118' title='bbox 737 2260 966 2324; x_wconf 88' lang='lat' dir='ltr'>Tullianorum</span> <span class='ocrx_word' id='word_1_119' title='bbox 988 2263 1264 2345; x_wconf 86' lang='lat' dir='ltr'>complectentem</span> 
     </span>
     <span class='ocr_line' id='line_1_17' title="bbox 229 2369 1265 2449; baseline 0.003 -3"><span class='ocrx_word' id='word_1_120' title='bbox 229 2369 377 2447; x_wconf 85' lang='lat' dir='ltr'>absoluta</span> <span class='ocrx_word' id='word_1_121' title='bbox 403 2384 536 2446; x_wconf 93' lang='lat' dir='ltr'>demum</span> <span class='ocrx_word' id='word_1_122' title='bbox 562 2404 620 2444; x_wconf 92' lang='lat' dir='ltr'>sua</span> <span class='ocrx_word' id='word_1_123' title='bbox 644 2382 786 2445; x_wconf 86' lang='lat' dir='ltr'>editione</span> <span class='ocrx_word' id='word_1_124' title='bbox 813 2381 1001 2446; x_wconf 89' lang='lat' dir='ltr'>inuenisset.</span> <span class='ocrx_word' id='word_1_125' title='bbox 1037 2384 1094 2446; x_wconf 91' lang='lat' dir='ltr'>sed</span> <span class='ocrx_word' id='word_1_126' title='bbox 1115 2384 1265 2449; x_wconf 92' lang='lat' dir='ltr'>codicem</span> 
     </span>
     <span class='ocr_line' id='line_1_18' title="bbox 229 2502 1265 2589; baseline 0.003 -22"><span class='ocrx_word' id='word_1_127' title='bbox 229 2528 247 2567; x_wconf 98' lang='lat' dir='ltr'>a</span> <span class='ocrx_word' id='word_1_128' title='bbox 268 2505 508 2588; x_wconf 86' lang='lat' dir='ltr'>praefectorum</span> <span class='ocrx_word' id='word_1_129' title='bbox 528 2503 745 2566; x_wconf 89' lang='lat' dir='ltr'>bibliothecae</span> <span class='ocrx_word' id='word_1_130' title='bbox 768 2502 961 2566; x_wconf 90' lang='lat' dir='ltr'>liberalitate</span> <span class='ocrx_word' id='word_1_131' title='bbox 977 2514 1149 2587; x_wconf 92' lang='lat' dir='ltr'>acceptum</span> <span class='ocrx_word' id='word_1_132' title='bbox 1171 2517 1265 2589; x_wconf 93' lang='lat' dir='ltr'>post-</span> 
     </span>
     <span class='ocr_line' id='line_1_19' title="bbox 229 2623 1263 2709; baseline 0 -20"><span class='ocrx_word' id='word_1_133' title='bbox 229 2648 327 2709; x_wconf 92' lang='lat' dir='ltr'>quam</span> <span class='ocrx_word' id='word_1_134' title='bbox 343 2625 529 2688; x_wconf 82' lang='lat' dir='ltr'>examinare</span> <span class='ocrx_word' id='word_1_135' title='bbox 543 2624 643 2707; x_wconf 79' lang='lat' dir='ltr'>coepi,</span> <span class='ocrx_word' id='word_1_136' title='bbox 658 2623 808 2686; x_wconf 88' lang='lat' dir='ltr'>intellexi</span> <span class='ocrx_word' id='word_1_137' title='bbox 820 2623 1025 2688; x_wconf 81' lang='lat' dir='ltr'>exvossiano</span> <span class='ocrx_word' id='word_1_138' title='bbox 1040 2625 1162 2689; x_wconf 87' lang='lat' dir='ltr'>maiore</span> <span class='ocrx_word' id='word_1_139' title='bbox 1179 2627 1263 2689; x_wconf 89' lang='lat' dir='ltr'>duc-</span> 
     </span>
     <span class='ocr_line' id='line_1_20' title="bbox 228 2744 1260 2828; baseline 0.002 -19"><span class='ocrx_word' id='word_1_140' title='bbox 228 2757 301 2809; x_wconf 93' lang='lat' dir='ltr'>tum</span> <span class='ocrx_word' id='word_1_141' title='bbox 323 2768 391 2809; x_wconf 87' lang='lat' dir='ltr'>esse</span> <span class='ocrx_word' id='word_1_142' title='bbox 414 2768 521 2828; x_wconf 89' lang='lat' dir='ltr'>neque</span> <span class='ocrx_word' id='word_1_143' title='bbox 544 2747 579 2807; x_wconf 92' lang='lat' dir='ltr'>in</span> <span class='ocrx_word' id='word_1_144' title='bbox 603 2744 831 2808; x_wconf 90' lang='lat' dir='ltr'>constituenda</span> <span class='ocrx_word' id='word_1_145' title='bbox 846 2745 1002 2809; x_wconf 89' lang='lat' dir='ltr'>memoria</span> <span class='ocrx_word' id='word_1_146' title='bbox 1017 2768 1077 2809; x_wconf 92' lang='lat' dir='ltr'>nos</span> <span class='ocrx_word' id='word_1_147' title='bbox 1092 2746 1260 2827; x_wconf 83' lang='lat' dir='ltr'>adiuuare,</span> 
     </span>
     <span class='ocr_line' id='line_1_21' title="bbox 228 2865 1264 2949; baseline -0.001 -18"><span class='ocrx_word' id='word_1_148' title='bbox 228 2868 284 2931; x_wconf 88' lang='lat' dir='ltr'>sed</span> <span class='ocrx_word' id='word_1_149' title='bbox 307 2866 483 2930; x_wconf 90' lang='lat' dir='ltr'>utilitatem</span> <span class='ocrx_word' id='word_1_150' title='bbox 506 2865 575 2929; x_wconf 90' lang='lat' dir='ltr'>cius</span> <span class='ocrx_word' id='word_1_151' title='bbox 597 2875 728 2929; x_wconf 88' lang='lat' dir='ltr'>tantum</span> <span class='ocrx_word' id='word_1_152' title='bbox 750 2888 787 2928; x_wconf 93' lang='lat' dir='ltr'>eo</span> <span class='ocrx_word' id='word_1_153' title='bbox 815 2875 961 2929; x_wconf 90' lang='lat' dir='ltr'>constare</span> <span class='ocrx_word' id='word_1_154' title='bbox 985 2868 1072 2949; x_wconf 94' lang='lat' dir='ltr'>quod</span> <span class='ocrx_word' id='word_1_155' title='bbox 1099 2869 1264 2931; x_wconf 89' lang='lat' dir='ltr'>nonnulla</span> 
     </span>
     <span class='ocr_line' id='line_1_22' title="bbox 228 2986 1262 3071; baseline 0.001 -21"><span class='ocrx_word' id='word_1_156' title='bbox 228 2988 348 3051; x_wconf 90' lang='lat' dir='ltr'>menda</span> <span class='ocrx_word' id='word_1_157' title='bbox 359 2987 463 3050; x_wconf 90' lang='lat' dir='ltr'>tribus</span> <span class='ocrx_word' id='word_1_158' title='bbox 477 2986 543 3049; x_wconf 91' lang='lat' dir='ltr'>illis</span> <span class='ocrx_word' id='word_1_159' title='bbox 559 2987 695 3050; x_wconf 90' lang='lat' dir='ltr'>testibus</span> <span class='ocrx_word' id='word_1_160' title='bbox 708 2987 895 3051; x_wconf 89' lang='lat' dir='ltr'>communia</span> <span class='ocrx_word' id='word_1_161' title='bbox 907 2998 993 3050; x_wconf 90' lang='lat' dir='ltr'>recte</span> <span class='ocrx_word' id='word_1_162' title='bbox 1006 2998 1157 3071; x_wconf 87' lang='lat' dir='ltr'>exempta</span> <span class='ocrx_word' id='word_1_163' title='bbox 1168 3000 1262 3052; x_wconf 89' lang='lat' dir='ltr'>sunt:</span> 
     </span>
     <span class='ocr_line' id='line_1_23' title="bbox 228 3107 1264 3192; baseline 0.002 -21"><span class='ocrx_word' id='word_1_164' title='bbox 228 3131 328 3192; x_wconf 92' lang='lat' dir='ltr'>quare</span> <span class='ocrx_word' id='word_1_165' title='bbox 354 3108 468 3192; x_wconf 87' lang='lat' dir='ltr'>paucis</span> <span class='ocrx_word' id='word_1_166' title='bbox 497 3107 578 3171; x_wconf 91' lang='lat' dir='ltr'>locis</span> <span class='ocrx_word' id='word_1_167' title='bbox 605 3108 777 3171; x_wconf 89' lang='lat' dir='ltr'>emendata</span> <span class='ocrx_word' id='word_1_168' title='bbox 805 3108 993 3171; x_wconf 76' lang='lat' dir='ltr'>deteriorum</span> <span class='ocrx_word' id='word_1_169' title='bbox 1016 3109 1071 3171; x_wconf 95' lang='lat' dir='ltr'>uel</span> <span class='ocrx_word' id='word_1_170' title='bbox 1093 3108 1264 3173; x_wconf 75' lang='lat' dir='ltr'>editionum</span> 
     </span>
     <span class='ocr_line' id='line_1_24' title="bbox 226 3228 1264 3313; baseline 0.002 -21"><span class='ocrx_word' id='word_1_171' title='bbox 226 3230 297 3293; x_wconf 93' lang='lat' dir='ltr'>loco</span> <span class='ocrx_word' id='word_1_172' title='bbox 320 3229 521 3293; x_wconf 78' lang='lat' dir='ltr'>llfoouceosis</span> <span class='ocrx_word' id='word_1_173' title='bbox 543 3228 677 3292; x_wconf 90' lang='lat' dir='ltr'>nomine</span> <span class='ocrx_word' id='word_1_174' title='bbox 700 3228 837 3312; x_wconf 87' lang='lat' dir='ltr'>signaui.</span> <span class='ocrx_word' id='word_1_175' title='bbox 867 3250 928 3292; x_wconf 88' lang='lat' dir='ltr'>nec</span> <span class='ocrx_word' id='word_1_176' title='bbox 945 3229 1083 3292; x_wconf 90' lang='lat' dir='ltr'>dubium</span> <span class='ocrx_word' id='word_1_177' title='bbox 1105 3240 1160 3307; x_wconf 84' lang='lat' dir='ltr'>est,</span> <span class='ocrx_word' id='word_1_178' title='bbox 1180 3231 1264 3313; x_wconf 91' lang='lat' dir='ltr'>quin</span> 
     </span>
     <span class='ocr_line' id='line_1_25' title="bbox 227 3349 1264 3433; baseline 0.002 -20"><span class='ocrx_word' id='word_1_179' title='bbox 227 3349 471 3413; x_wconf 87' lang='lat' dir='ltr'>emendationes</span> <span class='ocrx_word' id='word_1_180' title='bbox 489 3349 726 3432; x_wconf 91' lang='lat' dir='ltr'>propemodum</span> <span class='ocrx_word' id='word_1_181' title='bbox 741 3370 853 3412; x_wconf 88' lang='lat' dir='ltr'>omnes</span> <span class='ocrx_word' id='word_1_182' title='bbox 870 3372 1009 3433; x_wconf 90' lang='lat' dir='ltr'>quarum</span> <span class='ocrx_word' id='word_1_183' title='bbox 1031 3361 1179 3414; x_wconf 87' lang='lat' dir='ltr'>auctores</span> <span class='ocrx_word' id='word_1_184' title='bbox 1201 3374 1264 3415; x_wconf 90' lang='lat' dir='ltr'>ne-</span> 
     </span>
     <span class='ocr_line' id='line_1_26' title="bbox 227 3469 1264 3552; baseline 0.001 -18"><span class='ocrx_word' id='word_1_185' title='bbox 227 3471 348 3534; x_wconf 88' lang='lat' dir='ltr'>scimus</span> <span class='ocrx_word' id='word_1_186' title='bbox 364 3492 508 3552; x_wconf 88' lang='lat' dir='ltr'>quasque</span> <span class='ocrx_word' id='word_1_187' title='bbox 530 3491 598 3532; x_wconf 91' lang='lat' dir='ltr'>non</span> <span class='ocrx_word' id='word_1_188' title='bbox 620 3479 768 3552; x_wconf 90' lang='lat' dir='ltr'>poteram</span> <span class='ocrx_word' id='word_1_189' title='bbox 790 3469 854 3532; x_wconf 88' lang='lat' dir='ltr'>nisi</span> <span class='ocrx_word' id='word_1_190' title='bbox 877 3471 1030 3535; x_wconf 89' lang='lat' dir='ltr'>uniuerse</span> <span class='ocrx_word' id='word_1_191' title='bbox 1047 3470 1264 3537; x_wconf 88' lang='lat' dir='ltr'>deterioribus</span> 
     </span>
     <span class='ocr_line' id='line_1_27' title="bbox 227 3591 1263 3676; baseline 0.002 -22"><span class='ocrx_word' id='word_1_192' title='bbox 227 3591 395 3670; x_wconf 83' lang='lat' dir='ltr'>ascribere,</span> <span class='ocrx_word' id='word_1_193' title='bbox 421 3614 477 3654; x_wconf 87' lang='lat' dir='ltr'>eae</span> <span class='ocrx_word' id='word_1_194' title='bbox 501 3612 630 3674; x_wconf 91' lang='lat' dir='ltr'>quoque</span> <span class='ocrx_word' id='word_1_195' title='bbox 653 3612 736 3672; x_wconf 91' lang='lat' dir='ltr'>quae</span> <span class='ocrx_word' id='word_1_196' title='bbox 757 3612 797 3653; x_wconf 86' lang='lat' dir='ltr'>cx</span> <span class='ocrx_word' id='word_1_197' title='bbox 818 3591 956 3654; x_wconf 90' lang='lat' dir='ltr'>uetustis</span> <span class='ocrx_word' id='word_1_198' title='bbox 972 3592 1171 3656; x_wconf 89' lang='lat' dir='ltr'>editionibus</span> <span class='ocrx_word' id='word_1_199' title='bbox 1185 3615 1263 3676; x_wconf 91' lang='lat' dir='ltr'>pro-</span> 
     </span>
     <span class='ocr_line' id='line_1_28' title="bbox 226 3711 1260 3797; baseline 0.002 -23"><span class='ocrx_word' id='word_1_200' title='bbox 226 3722 397 3797; x_wconf 79' lang='lat' dir='ltr'>pagantur,</span> <span class='ocrx_word' id='word_1_201' title='bbox 423 3713 464 3774; x_wconf 93' lang='lat' dir='ltr'>ad</span> <span class='ocrx_word' id='word_1_202' title='bbox 486 3732 607 3795; x_wconf 88' lang='lat' dir='ltr'>paucos</span> <span class='ocrx_word' id='word_1_203' title='bbox 629 3711 786 3793; x_wconf 91' lang='lat' dir='ltr'>quosdam</span> <span class='ocrx_word' id='word_1_204' title='bbox 806 3712 934 3775; x_wconf 88' lang='lat' dir='ltr'>codices</span> <span class='ocrx_word' id='word_1_205' title='bbox 956 3713 1104 3776; x_wconf 89' lang='lat' dir='ltr'>reuocari</span> <span class='ocrx_word' id='word_1_206' title='bbox 1125 3713 1260 3796; x_wconf 82' lang='lat' dir='ltr'>possint,</span> 
     </span>
     <span class='ocr_line' id='line_1_29' title="bbox 227 3832 1262 3917; baseline 0 -21"><span class='ocrx_word' id='word_1_207' title='bbox 227 3833 255 3896; x_wconf 88' lang='lat' dir='ltr'>si</span> <span class='ocrx_word' id='word_1_208' title='bbox 281 3844 349 3896; x_wconf 88' lang='lat' dir='ltr'>tam</span> <span class='ocrx_word' id='word_1_209' title='bbox 377 3832 467 3896; x_wconf 85' lang='lat' dir='ltr'>utilis</span> <span class='ocrx_word' id='word_1_210' title='bbox 495 3841 578 3895; x_wconf 88' lang='lat' dir='ltr'>esset</span> <span class='ocrx_word' id='word_1_211' title='bbox 600 3853 698 3914; x_wconf 88' lang='lat' dir='ltr'>opera</span> <span class='ocrx_word' id='word_1_212' title='bbox 714 3853 813 3914; x_wconf 93' lang='lat' dir='ltr'>quam</span> <span class='ocrx_word' id='word_1_213' title='bbox 835 3844 884 3896; x_wconf 91' lang='lat' dir='ltr'>est</span> <span class='ocrx_word' id='word_1_214' title='bbox 906 3844 992 3896; x_wconf 89' lang='lat' dir='ltr'>certe</span> <span class='ocrx_word' id='word_1_215' title='bbox 1015 3833 1182 3917; x_wconf 82' lang='lat' dir='ltr'>negotiosa</span> <span class='ocrx_word' id='word_1_216' title='bbox 1209 3834 1262 3916; x_wconf 77' lang='lat' dir='ltr'>(cf.</span> 
     </span>
     <span class='ocr_line' id='line_1_30' title="bbox 226 3954 456 4037; baseline -0.009 -21"><span class='ocrx_word' id='word_1_217' title='bbox 226 3954 326 4037; x_wconf 91' lang='lat' dir='ltr'>praef.</span> <span class='ocrx_word' id='word_1_218' title='bbox 350 3976 381 4037; x_wconf 91' lang='lat' dir='ltr'>p.</span> <span class='ocrx_word' id='word_1_219' title='bbox 397 3955 456 4037; x_wconf 79' lang='lat' dir='ltr'>lv).</span> 
     </span>
    </p>

    <p class='ocr_par' dir='ltr' id='par_1_7' title="bbox 290 4073 1263 4157">
     <span class='ocr_line' id='line_1_31' title="bbox 290 4073 1263 4157; baseline 0.001 -20"><span class='ocrx_word' id='word_1_220' title='bbox 290 4076 341 4137; x_wconf 92' lang='lat' dir='ltr'>De</span> <span class='ocrx_word' id='word_1_221' title='bbox 366 4073 593 4137; x_wconf 87' lang='lat' dir='ltr'>emendatione</span> <span class='ocrx_word' id='word_1_222' title='bbox 620 4095 727 4156; x_wconf 88' lang='lat' dir='ltr'>pauca</span> <span class='ocrx_word' id='word_1_223' title='bbox 750 4075 889 4137; x_wconf 92' lang='lat' dir='ltr'>dicenda</span> <span class='ocrx_word' id='word_1_224' title='bbox 918 4085 1003 4138; x_wconf 90' lang='lat' dir='ltr'>sunt.</span> <span class='ocrx_word' id='word_1_225' title='bbox 1034 4076 1143 4157; x_wconf 90' lang='lat' dir='ltr'>qualia</span> <span class='ocrx_word' id='word_1_226' title='bbox 1172 4074 1263 4138; x_wconf 91' lang='lat' dir='ltr'>enim</span> 
     </span>
    </p>
   </div>
   <div class='ocr_carea' id='block_1_5' title="bbox 226 4194 1264 4274">
    <p class='ocr_par' dir='ltr' id='par_1_8' title="bbox 226 4194 1264 4274">
     <span class='ocr_line' id='line_1_32' title="bbox 226 4194 1264 4274; baseline 0.001 -18"><span class='ocrx_word' id='word_1_227' title='bbox 226 4194 305 4256; x_wconf 91' lang='lat' dir='ltr'>olim</span> <span class='ocrx_word' id='word_1_228' title='bbox 321 4196 422 4257; x_wconf 88' lang='lat' dir='ltr'>uerba</span> <span class='ocrx_word' id='word_1_229' title='bbox 434 4194 601 4258; x_wconf 87' lang='lat' dir='ltr'>Ciceronis</span> <span class='ocrx_word' id='word_1_230' title='bbox 616 4195 680 4257; x_wconf 93' lang='lat' dir='ltr'>fide</span> <span class='ocrx_word' id='word_1_231' title='bbox 696 4195 830 4257; x_wconf 88' lang='lat' dir='ltr'>testium</span> <span class='ocrx_word' id='word_1_232' title='bbox 846 4196 959 4259; x_wconf 87' lang='lat' dir='ltr'>sedulo</span> <span class='ocrx_word' id='word_1_233' title='bbox 979 4195 1135 4274; x_wconf 85' lang='lat' dir='ltr'>consulta,</span> <span class='ocrx_word' id='word_1_234' title='bbox 1150 4217 1264 4258; x_wconf 91' lang='lat' dir='ltr'>emen-</span> 
     </span>
    </p>
   </div>
   <div class='ocr_carea' id='block_1_6' title="bbox 0 0 1502 4884">
    <p class='ocr_par' dir='ltr' id='par_1_9' title="bbox 0 0 1502 4884">
     <span class='ocr_line' id='line_1_33' title="bbox 0 0 1502 4884; baseline 0 0"><span class='ocrx_word' id='word_1_235' title='bbox 0 0 1502 4884; x_wconf 95' lang='lat' dir='ltr'> </span> 
     </span>
    </p>
   </div>
  </div>
 </body>
</html>
