3030 4876
262 359 303 419 92
724 368 747 407 11
765 357 789 418 c,
812 357 843 406 ro

262 531 371 606 bento,
397 550 473 612 opes
497 538 680 590 amouento.
713 528 770 610 qui
793 549 885 591 secus
908 526 998 603 faxit,
1025 526 1105 589 deus
1128 524 1198 608 ipse
1229 525 1308 586 uin-

263 633 328 694 dex
350 632 419 694 erit.

329 735 511 818 Separatim
545 755 642 797 nemo
676 732 820 796 habessit
854 732 930 796 deos
966 754 1051 794 neue
1081 752 1186 794 nouos
1218 753 1307 794 neue

264 837 408 900 aduenas
438 838 502 901 nisi
531 838 663 921 publice
691 835 843 911 adscitos
870 835 1033 919 priuatim
1063 834 1199 897 colunto
1224 856 1307 916 quos

232 939 325 1003 crite
348 961 367 1001 a
388 941 536 1024 patribus

329 1044 478 1106 Delubra
500 1043 642 1106 habento
652 1067 662 1104 ;.
682 1043 774 1105 lucos
796 1042 832 1104 in
855 1041 940 1125 agris
963 1041 1107 1104 habento
1130 1052 1164 1104 et
1178 1043 1308 1104 Larum

264 1146 366 1209 sedes.
390 1146 472 1209 ritus
495 1145 638 1208 familiae
660 1155 857 1229 patrumque
880 1156 1042 1207 seruanto.

329 1248 435 1312 Diuos
458 1261 491 1312 ct
513 1270 575 1326 eos,
602 1249 659 1331 qui
682 1247 836 1310 caelestes
859 1269 987 1330 semper
1009 1247 1123 1323 habiti,
1157 1247 1305 1322 colunto,

265 1364 298 1416 et
320 1353 410 1431 olloS,
437 1374 517 1435 quos
541 1351 625 1414 endo
649 1351 738 1414 caclo
761 1350 877 1413 merita
899 1349 1090 1426 locauerint
1109 1350 1305 1428 Herculem,
1378 1415 1381 1419 ,

264 1565 309 1611 tur
327 1558 357 1611 ic
376 1559 403 1612 B
536 1559 547 1608 1
574 1521 665 1633 operis
681 1557 709 1610 B
727 1553 819 1625 opens
835 1558 871 1609 H
885 1553 983 1624 opesrr
1001 1556 1049 1608 ced
1066 1553 1080 1607 s
1096 1574 1108 1607 e
1127 1573 1189 1608 corr
1208 1557 1254 1615 A,·
1273 1575 1309 1608 ex

264 1663 399 1733 scriptura
418 1658 495 1730 operi
509 1660 618 1713 uidetur
634 1660 704 1713 iliud
720 1656 817 1728 opens,
839 1660 911 1728 quod
928 1659 1009 1711 ctiam
1022 1660 1050 1711 A
1069 1658 1161 1710 babuit
1179 1663 1242 1712 arcte
1260 1677 1310 1711 ra-

263 1783 364 1829 rorum,
385 1768 473 1817 ortum
492 1781 547 1816 ecee
652 1759 765 1838 securus
780 1763 808 1816 B
940 1761 1015 1815 faxit
1039 1759 1156 1830 deuslsrt
1174 1761 1192 1814 d
1210 1761 1240 1813 in
1259 1780 1309 1814 ras

264 1871 333 1933 corr)
353 1869 389 1920 H
497 1884 562 1919 uin*
581 1862 698 1934 dexlent
717 1867 753 1918 H
853 1865 1013 1917 Lactantius
1032 1866 1103 1918 Inct.
1118 1865 1175 1919 diu.
1189 1864 1219 1929 5,'
1232 1867 1274 1928 20,
1292 1867 1309 1916 3

265 1952 363 2006 Cicero
381 1951 411 2004 in
430 1951 488 2005 cuis
504 1949 630 2020 legibus,
651 1967 713 2002 cum
731 1957 805 2004 caste
828 1949 864 2002 ad
888 1949 1021 2004 sacrificia
1039 1949 1212 2020 praeciperet
1230 1968 1309 2005 acce-

265 2038 340 2102 dere,
351 2033 507 2107 ‘pietatem'
523 2034 615 2105 inquit
627 2031 800 2099 ‘adhibento
815 2054 882 2106 opes
895 2043 1053 2090 amouento:
1068 2035 1116 2106 qui
1130 2053 1210 2090 secus
1222 2035 1307 2102 faxit,

263 2141 334 2195 deus
352 2139 412 2210 ipse
431 2137 535 2192 uindex
554 2137 628 2193 erit'
723 2114 856 2216 3hibeus
872 2138 909 2193 [ιτ
926 2138 1012 2216 decus
1027 2141 1055 2194 B
1074 2141 1126 2205 (sic)
1146 2138 1253 2194 habens
1268 2139 1310 2194 fit

265 2242 334 2297 deos
344 2245 380 2296 H
386 2241 486 2296 hebes*
503 2240 540 2294 [ιτ
555 2240 623 2294 dctis
639 2258 717 2319 neno
736 2241 865 2320 bulbeisrr
882 2229 915 2319 ils
931 2243 993 2307 tric:
1014 2261 1028 2296 c
1042 2243 1124 2313 prius
1144 2247 1169 2297 et
1187 2241 1201 2295 s
1216 2244 1247 2296 in
1258 2243 1309 2297 he-

263 2346 314 2401 bes
323 2367 337 2399 e
349 2364 419 2410 corr,
439 2344 476 2398 ha
492 2345 523 2398 in
531 2347 594 2412 stoc
612 2363 706 2398 uerior
724 2347 870 2412 obscurum)
884 2349 911 2398 A
998 2333 1088 2401 nouis
1097 2349 1153 2401 AB
1169 2348 1262 2402 nouos
1274 2352 1315 2404 H

374 2431 456 2485 seduc
477 2435 503 2497 (u
523 2449 585 2485 corr
602 2431 632 2484 in
651 2435 675 2495 u)
697 2431 821 2484 aduena*
845 2433 914 2503 (fuit
936 2432 1067 2498 aduenas)
1087 2434 1143 2486 AB
1161 2433 1202 2487 scr
1220 2435 1309 2490 adue·

264 2517 316 2572 nas
332 2522 358 2583 {t
376 2518 405 2570 in
423 2536 469 2571 rar
488 2520 562 2582 corr)
587 2518 623 2569 H
637 2517 703 2584 (sict
721 2535 792 2571 neue
817 2517 939 2573 aduenas
958 2521 1103 2573 Manutius
1122 2519 1171 2573 sed
1188 2538 1240 2575 nec
1258 2521 1309 2575 ad·

264 2639 351 2675 uenas
370 2621 519 2674 Lambinus
629 2587 754 2690 lpulrce
772 2623 800 2674 A
909 2621 1031 2676 adscribi
1045 2624 1073 2677 B
1188 2623 1308 2678 colunto

264 2707 404 2790 quosrrng
427 2707 498 2777 (suit
513 2708 592 2785 rnre)
612 2724 628 2759 a
645 2706 774 2777 patribus
782 2707 810 2758 B
827 2706 1114 2779 colunroquoslmra
1132 2726 1164 2762 ea
1184 2710 1238 2776 (cic)
1257 2728 1308 2781 pa·

264 2810 358 2864 rubus
368 2810 536 2863 Heicriarruc
553 2808 862 2879 colunrorquosrrrrerr
876 2829 892 2864 a
907 2810 1036 2881 parribus
1045 2810 1168 2877 [colunto
1181 2813 1211 2864 irc
1227 2831 1308 2866 raru-

265 2900 304 2963 ral
320 2899 357 2961 A,
372 2897 464 2966 inquo
481 2894 721 2966 itemquolrrrrae
734 2896 1036 2966 afuisseapcrtumcet
1105 2896 1217 2951 colunto
1235 2917 1309 2969 quos

264 2982 318 3036 rite
337 3000 353 3034 a
371 2980 497 3051 patribus
514 2980 612 3051 (cultos
631 2981 794 3052 acceperint)
813 2983 972 3052 Maduiyiuc
993 2982 1065 3052 Opp.
1087 2985 1196 3047 2,134;
1213 2987 1310 3055 porciu

266 3069 349 3122 etiam
367 3087 420 3120 nort
438 3068 541 3121 minore
559 3086 618 3120 cum
639 3068 833 3138 probabilitate
851 3067 962 3122 colunto
981 3085 1051 3137 quos
1069 3068 1122 3122 rite
1139 3068 1244 3140 (cultos
1257 3058 1310 3126 ‘ac-

265 3152 396 3229 ceperint)
415 3171 430 3206 a
448 3153 574 3223 patribus
672 3156 687 3206 6
707 3153 822 3208 delubra
839 3152 868 3207 in
886 3152 1003 3208 urbibus
1017 3155 1053 3207 R.
1070 3156 1238 3225 Stephanus,
1260 3160 1311 3211 red

264 3238 294 3291 in
312 3239 428 3293 urbibus
446 3258 494 3293 nco
511 3241 559 3293 boc
577 3241 633 3293 loco
651 3245 778 3293 recurre
797 3239 912 3293 delubra
924 3240 1075 3309 requiritur
1160 3240 1309 3298 bicos-AB

367 3324 474 3379 habent
491 3324 585 3378 olocos
604 3329 674 3387 (corr
691 3324 772 3391 tolo)
786 3328 822 3379 H
905 3325 1011 3379 habent
1024 3327 1149 3396 o&l(oorr
1160 3345 1212 3382 nto
1225 3329 1259 3394 &l
1274 3331 1315 3383 ΙΙ

370 3414 385 3462 7
404 3417 551 3480 paruique
568 3412 625 3465 AB
642 3428 784 3482 pamamq3
806 3402 842 3464 H
855 3412 1015 3482 patriaeque
1034 3414 1212 3480 Ascensum,
1242 3416 1309 3470 Vic-

265 3496 374 3550 torinna
392 3504 556 3567 patrumque
575 3499 611 3550 R.
633 3499 800 3567 Stephanus,
819 3501 914 3567 consor
927 3516 958 3567 p.
980 3499 1042 3562 105,
1062 3501 1073 3549 1
1093 3498 1163 3553 ritus
1181 3499 1309 3555 familiae

264 3589 428 3652 patrumque
559 3582 784 3636 [cruentodruos
801 3583 862 3648 (od
879 3584 909 3636 in
927 3602 1025 3637 rasura
1044 3589 1117 3649 corr)
1137 3587 1165 3638 A
1190 3584 1309 3640 seruant

265 3667 365 3721 odiuos
384 3671 455 3732 (corr
472 3685 523 3720 nto
543 3668 596 3735 odi)
621 3670 657 3721 H
765 3668 873 3741 Slcmp
891 3670 1102 3740 superscm'pturrr
1121 3673 1148 3725 B
1247 3690 1307 3737 ,co-

263 3769 344 3825 lunto
364 3772 404 3835 (co
422 3772 452 3824 iri
470 3775 575 3836 rasura)
595 3773 622 3824 A
727 3775 742 3824 9
762 3746 849 3825 ετοΠοΐ
864 3774 892 3827 Β
908 3742 998 3826 iollos
1013 3776 1041 3825 A
1059 3774 1084 3826 &
1102 3771 1167 3827 1llos
1184 3776 1220 3827 H

263 3873 335 3944 quos
350 3848 800 3951 entilicuelbmerita*uocauer1nt
819 3879 848 3940 (a
866 3877 895 3928 in
913 3892 1013 3929 menta
1036 3895 1107 3940 corr,
1128 3882 1197 3946 puio
1219 3896 1308 3933 merit

265 3994 447 4031 auocauerrnt
459 3979 559 4048 fuisse)
576 3980 604 4030 A
616 3977 686 4047 quos
696 3954 766 4055 indo
779 3977 964 4054 caelblmcnta
982 3997 1149 4033 uocauermt
1161 3982 1189 4035 B
1200 3981 1307 4050 quolcsr

264 4080 316 4134 deo
336 4081 394 4160 celo
413 4080 521 4150 melma
539 4098 703 4135 uocauennr
722 4084 758 4135 H
840 4083 1002 4136 Lactantius
1016 4084 1085 4136 Iret.
1101 4084 1155 4136 diu.
1173 4086 1197 4148 1,
1214 4085 1255 4148 15,
1272 4087 1308 4137 23

263 4184 327 4220 num
346 4166 380 4219 de
398 4165 517 4235 legibue,
538 4184 593 4236 quo
612 4167 641 4220 in
659 4185 742 4237 opere
760 4167 904 4221 Platonem
923 4175 1034 4222 secutus
1051 4168 1128 4238 leges
1147 4167 1239 4222 uoluit
1257 4187 1308 4240 po-
