2940 4890
334 342 394 402 140
713 346 737 386 11
755 335 796 398 21,
812 335 844 384 54
856 363 890 372 -
902 334 944 395 rr,
960 334 991 383 55

333 525 557 602 Februarium,
583 523 628 586 sic
651 523 707 585 hic
723 523 941 585 Decembrem
964 523 1168 604 sequebatur.
1183 520 1293 583 hostia
1308 542 1371 583 au-

333 640 400 692 tem
422 627 564 690 maxima
581 637 760 710 parentare,
779 623 910 707 pietatis
926 646 993 687 esse
1009 623 1203 686 adiunctum
1218 627 1368 707 putabat.

397 732 468 793 Iam
494 741 585 793 tanta
610 728 724 813 religio
749 740 797 791 est
819 727 1075 810 sepulchrorum,
1101 739 1139 790 ut
1161 737 1252 790 extra
1276 749 1369 790 sacra
1379 706 1421 772 22

334 844 367 897 et
388 844 520 918 gentem
542 832 657 894 inferri
679 831 727 894 fas
750 841 872 915 negent
894 852 970 907 esse,
996 828 1094 911 idque
1116 830 1205 912 apud
1227 831 1369 894 maiores
1382 801 1418 855 55

304 948 459 1001 inostros
482 939 520 998 A.
544 936 729 1018 Torquatus
758 935 795 996 in
822 942 919 1017 gente
942 933 1083 1015 Popillia
1103 933 1275 996 iudicauit.
1304 955 1368 997 nec

335 1194 462 1248 stitutum
478 1200 581 1246 temere
598 1190 752 1260 neglexisse
769 1208 825 1242 non
842 1190 873 1242 fit
890 1189 957 1242 mihi
969 1190 1030 1242 ueri
1042 1188 1139 1255 simile,
1157 1189 1269 1244 doctum
1280 1191 1370 1244 homi-

334 1296 404 1332 nem.
424 1280 500 1332 Haec
517 1278 646 1331 Lambini
662 1279 847 1347 supplementa
860 1276 962 1345 (quibus
973 1293 1006 1328 ne
1019 1275 1148 1329 Baiterus
1165 1276 1273 1346 quidem
1291 1295 1369 1331 suum

334 1367 432 1418 librum
450 1383 540 1418 carere
562 1363 658 1425 uoluit,
678 1381 711 1415 ne
729 1363 794 1432 quid
816 1363 849 1415 de
867 1380 898 1414 ca
916 1361 1025 1414 inscitia
1043 1361 1132 1414 dicam
1149 1378 1217 1430 quae
1234 1379 1322 1432 nuper
1339 1364 1370 1416 in

334 1451 382 1504 los
399 1451 482 1504 libros
499 1454 621 1521 massata
639 1452 687 1512 est)
707 1449 856 1518 etquidem
874 1454 929 1501 tam
943 1447 1088 1517 primitiae
1105 1464 1185 1516 qaam
1204 1453 1326 1502 correcta
1343 1453 1371 1502 et

335 1544 413 1590 aucta
431 1539 500 1590 unde
509 1536 647 1606 jluueriut
664 1535 814 1603 adscriptae
831 1553 849 1587 a
865 1552 906 1586 me
922 1533 1041 1586 Turneli
1058 1533 1242 1587 adnotationes
1255 1538 1370 1606 palefa-

336 1623 425 1675 eiunt:
439 1623 566 1675 nimirum
575 1622 638 1674 inde
648 1620 777 1673 Sisennae
790 1619 1001 1672 commemoratio
1013 1624 1126 1688 sumpta,
1139 1637 1221 1689 eaque
1231 1638 1264 1672 ne
1272 1626 1371 1690 postea

336 1709 442 1777 quidem
453 1709 555 1761 abiecta
568 1726 626 1760 eum
637 1707 719 1759 Accii
726 1707 900 1776 familiarem
911 1725 965 1758 non
980 1704 1120 1758 Sisennam
1130 1706 1177 1759 sed
1190 1707 1309 1759 Brutum
1322 1725 1370 1760 uo·

335 1794 394 1846 curi
404 1794 474 1846 idem
490 1792 626 1848 Turnebus
638 1791 773 1845 docuisset.
786 1791 883 1860 Itaque
895 1809 927 1843 ea
939 1791 995 1845 illis
1007 1791 1197 1845 Lambinianis
1208 1791 1280 1845 nihil
1286 1808 1371 1860 pror·

336 1897 380 1932 sus
398 1877 454 1930 nisi
472 1878 614 1930 Plutarchi
629 1877 818 1940 testimonium,
839 1877 907 1945 quod
927 1878 1046 1931 Turnebo
1064 1878 1181 1942 debetur,
1200 1878 1370 1932 relinendum

336 1969 361 2016 et
379 1966 416 2017 ad
432 1965 501 2016 lianc
519 1964 676 2016 sententiam
693 1964 865 2031 referendum
881 1967 930 2015 est.
949 1963 1069 2016 Ceterum
1081 1963 1150 2016 milri
1159 1963 1203 2017 liic
1213 1967 1299 2033 paulo
1306 1967 1370 2033 plu-

335 2068 376 2114 ra,
397 2067 475 2119 quam
494 2067 560 2118 quae
577 2050 614 2101 ad
626 2049 812 2117 parentalium
829 2065 943 2101 mensem
956 2051 1130 2116 pertinerent,
1146 2049 1316 2104 intercidisse
1328 2051 1371 2104 ai-

336 2137 446 2198 dentur;
467 2135 641 2204 inprimisque
660 2135 757 2203 opinor
775 2134 804 2186 in
821 2135 871 2186 lrac
889 2135 921 2187 de
938 2133 979 2185 dis
996 2133 1119 2188 manibus
1137 2135 1319 2204 disputatione
1331 2139 1370 2190 lo-

337 2240 395 2275 cum
413 2222 533 2274 babuisse
550 2240 589 2286 ea,
612 2239 678 2290 quae
695 2222 728 2274 dc
746 2222 945 2274 immortalitate
962 2220 1115 2273 animorum
1132 2222 1161 2274 in
1178 2221 1220 2274 lris
1235 2222 1315 2278 libris
1327 2242 1370 2276 ec-

331 2307 520 2377 positafuisse
533 2307 692 2360 Lactantius
704 2311 816 2360 testatur
829 2308 899 2359 Inst.
912 2305 966 2358 diu.
979 2307 1091 2372 3‚19,2=
1110 2324 1192 2376 quam
1204 2309 1370 2363 sententiam

336 2393 433 2447 Cicero
451 2393 485 2446 de
502 2391 611 2461 legibus
630 2391 670 2445 sie
692 2391 856 2461 explicauit:
872 2388 1108 2462 ‘gratulemurque
1124 2392 1218 2457 nobis,
1239 2394 1371 2463 quoniam

335 2496 408 2532 mors
427 2485 474 2532 aut
491 2477 632 2532 meliorem
649 2494 732 2546 quam
748 2477 797 2547 qui
814 2483 856 2530 est
873 2476 902 2529 in
919 2477 978 2530 uita
991 2484 1039 2532 aut
1051 2485 1124 2532 certe
1136 2496 1191 2531 non
1204 2478 1371 2535 deteriorem

336 2562 462 2617 adlatura
480 2570 522 2617 est
539 2570 655 2617 statum:
675 2581 738 2616 nam
756 2563 815 2617 sine
827 2580 941 2633 corpore
959 2563 1047 2616 animo
1065 2563 1179 2633 uigente
1195 2564 1292 2619 diuina
1310 2567 1371 2621 uita

336 2656 387 2714 est,
407 2667 489 2703 sensu
507 2657 623 2715 carente=
634 2648 706 2702 nihil
721 2649 845 2719 prolecto
864 2656 907 2703 est
923 2647 1005 2702 mali?
1020 2668 1100 2718 quam
1111 2650 1148 2702 ad
1159 2651 1370 2720 disputationem

330 2742 399 2805 puto
411 2736 512 2804 referri
523 2755 588 2806 quae
596 2736 674 2805 infra
686 2755 707 2789 c.
715 2738 757 2798 27,
766 2737 798 2787 68
807 2754 838 2806 p.
849 2737 906 2799 158,
917 2738 949 2787 17
961 2737 1085 2806 lepuntur
1097 2735 1227 2807 deinceps
1239 2737 1309 2792 dicit
1322 2739 1370 2804 (ui-

335 2823 429 2875 delicet
440 2823 526 2886 Plato)
541 2820 635 2876 eadem
646 2819 695 2874 illa
708 2821 844 2886 (nimirum
856 2839 922 2890 qaae
934 2824 989 2885 nos)
1003 2821 1037 2874 de
1047 2821 1254 2878 immortalitate
1265 2824 1370 2878 animo-

335 2926 409 2971 rum;
429 2908 476 2959 nbi
486 2907 548 2960 uide
558 2909 687 2960 adnotata
757 2904 859 2959 doctus
874 2925 934 2961 corr
952 2906 1051 2974 domus
1066 2908 1102 2960 Η
1166 2907 1257 2962 erurul
1267 2911 1305 2964 ΙΙ

336 2991 428 3046 accius
445 2993 613 3047 Heinsianus
631 2990 722 3046 aetius
736 2994 792 3045 AB
896 2995 908 3043 1
932 2990 955 3045 sr
970 2993 1015 3046 hro
1032 2994 1127 3048 ΑΒΗ
1225 2993 1370 3049 december

335 3080 402 3133 BH
415 3079 509 3132 decem
524 3079 574 3132 ber
593 3078 618 3144 (b
636 3096 667 3131 ee
684 3096 702 3147 p
721 3082 788 3143 corr)
801 3081 829 3130 A
932 3079 972 3133 sie
988 3078 1033 3133 hic
1051 3079 1222 3134 decembrem
1238 3081 1370 3134 editiones

451 3168 466 3217 2
485 3181 601 3234 *parens
618 3181 664 3243 are
683 3166 709 3214 A
823 3162 887 3219 ess&
907 3166 944 3218 H
1047 3162 1173 3234 ‘pietatis
1190 3164 1366 3220 adiunctum:

336 3252 465 3320 quomodo
483 3250 613 3303 attributa
631 3269 721 3304 rerum
739 3256 764 3303 et
776 3268 955 3320 personarum
972 3251 1061 3304 dicere
1078 3253 1198 3314 solemus,
1214 3252 1254 3305 ita
1269 3253 1319 3305 boc
1331 3255 1369 3306 lo-

337 3354 366 3388 eo
386 3335 546 3389 adiunctum
563 3336 677 3405 pietatis
694 3337 775 3400 dixit,
785 3337 960 3407 propiciatio
971 3337 1144 3391 adiunctione
1155 3338 1200 3391 uel
1210 3338 1366 3392 adiectione.

336 3424 383 3475 sed
399 3440 481 3490 penus
498 3423 547 3475 loe
565 3423 675 3475 dicendi
690 3441 754 3476 sane
772 3423 888 3492 quodam
899 3423 973 3476 modo
985 3422 1101 3476 insolens
1113 3428 1160 3488 est,
1173 3441 1267 3478 uerum
1278 3425 1368 3478 codem

335 3509 413 3560 modo
433 3508 525 3561 scribit
544 3509 634 3562 Cicero
651 3511 691 3575 [de
700 3512 755 3580 fin.
768 3511 793 3573 4,
801 3510 844 3573 24,
854 3510 894 3573 68]
910 3507 990 3572 illud,
1004 3509 1084 3563 euius
1095 3509 1126 3562 id
1137 3527 1308 3580 consequeus
1320 3510 1365 3575 sit,

336 3611 392 3646 non
407 3610 489 3662 posse
508 3610 567 3646 esse
579 3592 690 3648 uerum.³
710 3595 847 3648 Turnebus
852 3615 860 3658 ;
875 3594 971 3665 pietati
982 3594 1142 3648 adiunctum
1153 3596 1191 3648 R.
1205 3597 1366 3664 Stephanus,

336 3678 496 3732 adiunctum
513 3680 579 3732 delet
596 3682 713 3736 Belius.
735 3682 837 3746 Confer
854 3681 942 3734 Acad.
957 3687 1029 3749 post.
1048 3683 1072 3745 1,
1087 3685 1112 3746 5,
1127 3684 1157 3734 21
1178 3685 1214 3747 (6,
1228 3683 1273 3747 22)
1292 3681 1369 3735 uitae

336 3773 428 3819 autem
450 3765 579 3819 adiuncta
600 3785 661 3821 esse
683 3767 825 3830 dicebant,
846 3783 916 3836 quae
933 3765 970 3819 ad
986 3766 1101 3820 uirtutis
1122 3785 1204 3821 usum
1226 3765 1366 3829 ualerent;

335 3869 399 3904 nam
416 3851 507 3905 uirtus
525 3852 554 3904 in
572 3853 655 3906 animi
672 3851 753 3909 bonis
772 3852 846 3906 etin
866 3853 991 3922 eorporis
1013 3853 1135 3907 cernitur
1158 3861 1187 3907 et
1207 3852 1238 3905 in
1255 3852 1369 3922 quibus·

336 3936 407 4001 dam,
427 3956 498 4008 quae
515 3956 570 3991 non
587 3946 644 3992 tam
661 3946 776 3992 naturae
793 3955 874 4008 quam
891 3939 988 3992 beatae
1005 3937 1081 3992 uitae
1099 3938 1230 3993 adiuncta
1246 3945 1324 4000 sunt;
1344 3942 1370 3992 a

336 4023 461 4076 similiter
478 4024 611 4078 attributa
628 4025 770 4094 personis,
789 4024 908 4093 negotiis
926 4025 959 4078 de
976 4024 1033 4079 inu.
1050 4027 1073 4088 1,
1088 4027 1131 4088 24,
1146 4026 1180 4076 34
1295 4025 1311 4074 3
1329 4021 1370 4078 se·

337 4101 472 4196 pulelioru
490 4130 518 4179 A
620 4131 635 4178 5
654 4126 689 4180 A.
709 4126 865 4197 Torquatus
884 4127 919 4180 R.
937 4127 1089 4196 Stephanus
1106 4123 1275 4196 arorquams
1289 4127 1371 4181 sede
