3030 4876
567 368 633 429 117,
656 367 782 429 ret-8,
806 367 837 417 19
1180 363 1217 427 91

245 539 407 606 QVINTVS·
439 538 608 606 Quidnam
630 539 665 601 id
688 540 757 601 esti

244 644 396 705 Mencvs.
435 643 521 705 Sunt
551 653 638 704 certa
668 642 780 725 legum
810 641 919 717 uerba,
945 639 1079 717 Quinte,
1111 660 1219 722 neque

178 745 225 808 ita
254 745 370 829 prisca,
402 756 440 807 ut
469 745 505 807 in
536 744 703 808 ueteribus
725 762 775 806 x11
797 743 995 825 sacratisque
1018 742 1153 826 legibus,
1186 753 1219 805 et

178 857 299 925 tamen,
325 869 391 931 quo
414 847 488 930 plue
511 847 713 911 auctoritatis
736 847 887 924 habeant,
912 846 1011 930 paulo
1034 844 1218 928 antiquiora

179 973 278 1033 quam
301 951 356 1013 hio
379 973 485 1014 sermo
509 964 572 1013 est:
598 973 675 1014 eum
697 972 822 1013 morem
836 950 939 1034 igitur
954 971 1031 1012 oum
1045 947 1214 1026 breuitate,
1248 966 1261 1005 ι

178 1054 206 1116 si
234 1065 379 1136 potuero,
406 1076 595 1137 consequar.
627 1056 715 1139 leges
738 1063 849 1132 autem
871 1075 891 1115 a
912 1074 964 1115 me
988 1053 1127 1115 edentur
1149 1072 1217 1114 non

178 1156 350 1240 perfectae,
376 1179 454 1220 nam
474 1169 557 1220 esset
571 1157 750 1234 infinitum,
768 1156 824 1218 sed
839 1156 929 1239 ipsae
944 1177 1091 1219 summae
1107 1176 1216 1218 rerum

179 1270 277 1341 atque
301 1261 492 1323 sententiae.

135 1414 159 1480 8
245 1361 406 1430 ernnvs.
437 1365 488 1426 Ita
511 1385 589 1426 uero
612 1385 743 1426 neeesse
767 1372 827 1438 θεῖ,
853 1382 917 1443 qua
940 1384 973 1424 re
997 1361 1177 1425 audiamus.

129 1453 173 1564 19⁸
244 1467 396 1529 Minoes,
432 1459 497 1529 ‘Ad
525 1467 619 1529 diuos
649 1467 792 1529 adeunto
816 1475 910 1543 caste,
939 1465 1094 1548 pietatem
1121 1464 1260 1527 adhi-10

176 1758 237 1825 t'pen
249 1777 277 1809 re
286 1759 356 1826 qaod
368 1777 395 1811 oe
407 1758 546 1829 excipiunt
558 1758 608 1811 tae
619 1776 697 1811 noceo
712 1761 744 1822 (et
755 1758 802 1810 hoe
815 1756 909 1810 ordine
921 1757 1017 1810 melina
1027 1776 1054 1812 aa
1067 1758 1212 1827 recepiant,

177 1843 303 1912 quoniam
320 1843 414 1912 legum
432 1845 559 1898 maiorem
576 1844 633 1896 nim
650 1843 735 1908 habet)
760 1843 891 1915 patefieri
911 1843 1053 1912 scriptoris
1071 1843 1213 1897 consilium

175 1928 290 1991 uidetur,
310 1931 380 1999 quod
396 1930 435 1982 eie
446 1932 514 1999 fere
527 1931 619 2000 poan
636 1929 786 2000 exprimere
803 1928 907 1983 uerbis:
927 1946 1084 1999 expromam
1095 1929 1164 1984 istos
1174 1926 1214 1982 le-

175 2031 224 2083 ges
244 2015 277 2067 de
295 2006 429 2085 religione
448 2023 476 2068 et
494 2015 605 2084 quidem
623 2015 752 2085 quoniam
777 2021 842 2069 sunt
861 2014 939 2085 leges
959 2013 1053 2084 legum
1075 2032 1145 2069 uoee
1167 2032 1214 2069 eos

176 2119 343 2170 proponam:
364 2107 389 2154 et
407 2104 445 2154 sie
463 2102 572 2171 saepius
586 2107 696 2171 praeter
707 2102 888 2154 necessitatem
900 2102 946 2155 ted
958 2107 1031 2154 certa
1044 2102 1148 2154 ratione
1166 2107 1213 2154 ont

175 2204 216 2238 res
234 2192 281 2239 aot
295 2206 414 2256 persono
431 2194 494 2241 onte
511 2187 666 2257 oipnt'fieaio
684 2187 780 2239 iterum
798 2187 960 2256 deniqnatnn
972 2188 1047 2240 uelat
1060 2205 1114 2257 pro
1127 2187 1212 2241 Sestio

174 2273 217 2335 26,
231 2275 263 2322 57
276 2288 325 2324 rex
338 2274 455 2336 amioum
471 2275 583 2327 deerat.
599 2276 623 2338 1,
639 2275 680 2337 38,
695 2274 742 2324 175
755 2278 920 2326 testamento
934 2273 1049 2327 exheres
1060 2272 1134 2327 filiun
1149 2280 1213 2344 port

174 2355 263 2420 miles,
285 2360 316 2410 de
334 2359 428 2427 qaeoue
446 2360 571 2412 nonnulli
587 2359 916 2421 neomeniarumque,
936 2364 1005 2412 reete
1026 2361 1060 2412 G.
1076 2360 1211 2429 Serestus,-

174 2443 206 2494 de
218 2444 304 2495 diuin.
322 2446 345 2507 1,
360 2448 402 2509 57,
421 2447 469 2496 129
482 2445 522 2498 sio
534 2444 618 2498 animi
633 2443 784 2508 hominum,
801 2461 864 2497 eum
881 2451 930 2497 aut
948 2462 1043 2498 somno
1062 2443 1146 2499 soluti
1164 2462 1212 2498 ua·

172 2537 236 2580 eant
249 2547 363 2599 corpore
376 2539 425 2584 aut
437 2538 528 2584 mente
546 2530 663 2601 permoti
681 2547 731 2600 per
750 2547 778 2584 se
796 2527 852 2599 ipsi
868 2528 956 2584 libere
974 2529 1082 2583 incitati
1099 2547 1211 2583 mouen-

171 2623 226 2676 tur,
242 2623 358 2667 cernunt
371 2634 411 2680 ea,
426 2634 496 2686 quae
514 2616 644 2686 permixti
663 2633 725 2670 eum
743 2633 858 2686 corpore
876 2615 960 2668 enimi
974 2614 1070 2668 uidere
1080 2633 1137 2669 non
1149 2633 1211 2687 pos·

172 2707 252 2761 sunt,
273 2701 319 2752 nbi
335 2701 418 2753 animi
437 2704 498 2753 item
513 2707 580 2771 puto
592 2720 681 2770 praue
698 2702 793 2755 deleri.
814 2705 909 2772 confer
924 2702 1003 2756 Tuae.
1018 2705 1040 2766 1,
1055 2704 1104 2767 28,
1120 2706 1165 2767 70;
1180 2703 1211 2756 de

171 2786 228 2852 lepe
247 2787 360 2855 aprarr'a
378 2789 403 2850 2,
419 2789 443 2850 4,
459 2790 488 2849 9;
509 2789 587 2854 infra
602 2790 627 2852 2,
647 2789 688 2852 19,
703 2790 735 2838 47
840 2804 910 2842 uoce
929 2788 1096 2841 Heinrianue
1114 2805 1210 2842 uocem

172 2872 266 2933 [noces
286 2873 342 2924 AB
479 2874 489 2923 l
514 2872 646 2942 quidnam
664 2872 694 2925 id
713 2871 772 2926 est?
799 2871 870 2926 Sunt
892 2874 1024 2928 Victorius
1041 2874 1146 2943 quidni
1169 2893 1211 2927 rn-

170 2938 311 3025 eiiasidnt
331 2973 362 3036 1ι1
377 2975 406 3027 in
424 2980 528 3040 rasura)
548 2979 576 3028 Α
593 2975 699 3045 ῳιιᾱιιῖι
715 2942 819 3048 indiddi
837 2976 903 3030 sunt
923 2977 969 3042 (sdr
987 2996 1049 3030 corr
1066 2978 1096 3030 in
1116 2977 1169 3042 sed)
1183 2981 1210 3032 B

168 3058 236 3125 quid
255 3077 318 3112 nam
335 3059 447 3114 lnesset·
468 3066 491 3124 (t
508 3064 537 3115 in
554 3080 600 3115 rao
620 3068 688 3127 corr)
708 3061 773 3116 sunt
791 3066 830 3117 H.
854 3063 910 3117 Cur
928 3064 1060 3118 Halmius
1077 3063 1209 3133 quidnam

168 3143 241 3196 intuo
260 3155 302 3198 est
319 3148 461 3212 maluerit,
482 3148 587 3207 nereio:
607 3150 703 3217 confer
719 3149 798 3201 Brut.
815 3151 845 3213 5,
860 3152 892 3201 20
1028 3152 1157 3220 2qu1nre
1177 3153 1214 3205 H

168 3247 283 3298 quinere
296 3234 324 3284 B
342 3249 440 3302 quinte
460 3238 497 3296 (re
515 3235 544 3286 in
563 3240 667 3297 notura)
680 3237 709 3287 A
806 3237 820 3285 3
839 3249 883 3289 xn
899 3236 1023 3290 Onerariae
1041 3254 1076 3291 ex
1093 3237 1139 3292 hrl'
1150 3238 1212 3293 BH

273 3322 534 3405 exissaeransqtera
558 3335 669 3406 legibus
684 3343 711 3391 A
735 3339 781 3390 red
799 3338 853 3392 sse
872 3357 948 3401 eorm·
968 3341 1077 3393 uidetur
1094 3338 1208 3394 exnsaer

159 3419 268 3486 suiten·
287 3438 314 3490 q.
335 3423 364 3473 in
379 3424 443 3491 fine
460 3441 553 3475 uerene
570 3443 588 3476 a
607 3442 669 3476 corr
686 3425 756 3488 aad,
777 3425 857 3478 initio
875 3424 1040 3496 inrequentie
1056 3427 1157 3491 lituro,
1177 3428 1206 3480 in

167 3524 219 3572 qua
238 3523 291 3574 qne
310 3509 402 3571 suinae
419 3510 550 3578 suspicor.
573 3511 703 3563 Halmius
721 3511 861 3564 armaret
989 3515 1005 3564 4
1023 3530 1078 3583 quo
1096 3532 1158 3567 eorr
1174 3533 1208 3567 ex

165 3607 201 3676 qd
220 3614 246 3660 A
264 3609 340 3677 quod
352 3612 523 3666 Heineionus
624 3587 773 3667 auetoniis
787 3616 815 3666 A
919 3618 934 3666 5
954 3633 1082 3670 nomme
1094 3619 1205 3685 morem!

166 3697 193 3744 A
213 3696 261 3747 sed
282 3701 307 3746 et
329 3713 403 3760 com,
424 3704 570 3754 correctum
589 3700 617 3752 in
636 3688 711 3762 edm,
732 3705 757 3752 et
774 3717 879 3754 morem
897 3702 926 3754 r'n
944 3703 1003 3755 loeo
1021 3721 1085 3756 roeo

165 3800 180 3848 6
199 3815 317 3865 potuero
339 3801 373 3852 H
387 3792 505 3869 potuero
525 3806 552 3854 A
572 3820 671 3870 porero
690 3804 718 3856 B
803 3802 877 3872 legis
892 3823 953 3857 eorr
972 3803 1002 3858 es
1012 3808 1070 3860 AB
1086 3806 1165 3876 leges
1175 3809 1210 3861 H

273 3883 392 3938 edentur
409 3887 445 3939 H
460 3883 574 3970 edemdr
591 3889 648 3940 AB
747 3891 761 3938 7
780 3887 838 3959 ipse
857 3890 959 3944 summe
977 3894 1013 3944 H
1111 3895 1141 3945 10
1159 3893 1206 3947 ad·

165 3979 264 4053 eiunto
284 3980 374 4051 casiae
392 3991 496 4058 procare
513 3966 654 4058 hdiennro
668 3993 696 4045 B
708 3990 778 4046 adei
795 3992 869 4046 eesre
886 4011 1024 4063 pietatem
1035 3996 1160 4050 abeunto
1174 4000 1209 4051 H

164 4071 293 4136 edetunro
314 4073 388 4126 casae
406 4076 509 4143 prdrare
522 4076 700 4144 adjhrbeniro
715 4083 828 4147 praeter
839 4080 960 4148 syllabae
978 4082 1093 4134 reolum
1111 4083 1140 4134 in
1157 4101 1205 4135 ra·

164 4175 229 4209 eura
249 4164 286 4222 A,
302 4179 377 4228 quem
396 4180 428 4212 ne
446 4161 547 4213 dubites
566 4170 627 4216 onte
644 4165 757 4216 lituram
775 4166 865 4218 endem
883 4167 1007 4229 maiore,
1027 4185 1095 4236 quae
1112 4169 1205 4237 lequne
