3030 4876
614 377 697 441 1110,
719 377 832 429 23-24
1178 383 1235 443 101

273 549 424 613 Msecvs
461 552 514 613 An
544 573 664 628 censes,
698 571 796 633 quom
824 549 860 611 in
887 549 953 612 illis
984 549 1023 612 de
1051 549 1240 634 republica

207 651 299 715 libris
328 653 522 735 persuadere
553 654 704 717 uideatur
732 652 921 730 Africanus,
954 652 1102 715 omnium
1130 675 1240 716 rerum

208 742 417 839 publicarum
438 768 582 821 nostram
597 768 743 820 ueterem
757 757 849 818 illum
863 755 962 818 fuisse
978 766 1153 839 optumam,
1171 779 1239 820 non

209 880 341 922 necesse
370 881 437 923 esse
466 871 620 945 optumae
648 860 695 923 rei
717 859 868 943 publicae
891 858 979 943 leges
1002 859 1078 922 dare
1101 881 1239 922 consen-

209 964 341 1025 taneas‘?
1269 981 1281 1019 s

276 1050 436 1132 vadvs.
468 1067 573 1130 Immo
595 1087 727 1150 prorsus
749 1064 795 1127 ita
817 1086 942 1127 censeo.

274 1169 425 1232 Msecvs.
464 1170 551 1252 Ergo
580 1169 660 1232 adeo
690 1177 859 1251 expectate
889 1167 990 1250 leges,
1024 1189 1106 1250 quae
1137 1191 1240 1252 genus

208 1270 295 1333 illud
318 1281 491 1355 optumum
513 1273 560 1335 rei
575 1271 726 1356 publicae
743 1269 940 1348 contineant,
959 1281 999 1349 et,
1017 1270 1044 1332 si
1060 1292 1142 1353 quae
1158 1271 1240 1335 forte

210 1395 229 1435 e
259 1396 311 1437 me
338 1375 437 1438 hodie
467 1377 677 1458 rogabuntur,
708 1395 791 1456 quae
820 1393 888 1435 non
917 1372 984 1435 sint
1012 1373 1048 1435 in
1074 1384 1184 1437 nostru
1206 1397 1241 1437 re

209 1477 343 1560 publiea
370 1500 431 1541 nec
459 1477 591 1556 fuerint,
621 1488 733 1541 temen
761 1486 858 1538 erunt
879 1475 947 1538 fere
968 1476 1005 1539 in
1027 1498 1115 1540 more
1138 1477 1241 1540 maio·
1260 1493 1283 1533 1⁰

210 1603 293 1658 rum,
319 1580 375 1663 qui
398 1590 470 1643 tum
492 1591 530 1643 ut
551 1581 606 1644 lex
627 1581 766 1643 ualebat.

160 1695 200 1752 24
275 1685 427 1748 ATmcvs.
458 1684 567 1748 Suade
584 1684 693 1768 igitur,
719 1683 747 1746 si
761 1683 876 1766 placet,
894 1683 990 1746 istam
1005 1684 1109 1767 ipsam
1124 1685 1238 1768 legem,

210 1796 249 1849 ut
271 1808 330 1871 ego
353 1787 423 1850 utei
445 1787 502 1871 [tu]
525 1809 618 1872 rogus
639 1786 760 1870 possim
783 1786 899 1849 dicere.

275 1890 426 1953 Msecvs.
458 1890 524 1953 Ain
540 1891 680 1968 tandem,
698 1889 815 1967 Attice,
833 1911 901 1952 non
917 1911 950 1953 es
966 1890 1113 1954 dicturus
1129 1891 1242 1954 aliter‘?
1271 1948 1273 1958 .

276 1993 429 2057 Aumcvs.
460 1995 597 2058 Prorsus
619 1994 774 2057 maiorem
797 1992 930 2076 quidem
952 2016 1022 2057 rem
1037 1982 1284 2058 nullamsci-15

211 2117 301 2158 scam
323 2096 424 2176 aliter,
450 2097 486 2160 in
508 2096 697 2176 minoribus,
726 2096 753 2159 si
776 2096 875 2176 uoles,
901 2097 1065 2159 remittam
1086 2098 1149 2160 hoc
1172 2097 1240 2160 tibi.

277 2200 437 2267 QVINTVS.
467 2201 576 2283 Atque
597 2222 672 2262 mee
693 2199 827 2281 quidem
849 2201 956 2262 eadem
978 2201 1141 2264 sententia
1163 2212 1221 2264 est.

276 2303 427 2366 MARcvs.
458 2305 510 2382 At,
536 2325 577 2365 ne
599 2303 735 2387 longum
757 2305 823 2381 fiat,
848 2302 967 2365 uidete.

277 2406 429 2470 Aumcvs.
446 2405 582 2470 Utinam
594 2406 741 2488 quidem!
759 2406 839 2488 quid
850 2405 939 2468 enim
955 2427 1049 2489 agere
1064 2407 1244 2471 malumus?

278 2510 429 2572 Msucvs.
461 2510 557 2573 Ceste
579 2509 671 2571 iubet
692 2508 747 2571 lex
769 2508 858 2571 adire
882 2508 923 2570 ad
946 2509 1029 2586 deos‘,
1055 2509 1165 2572 animo
1190 2509 1244 2572 ui·
1260 2517 1285 2558 ²⁰

213 2611 340 2690 delicet,
364 2612 401 2674 in
424 2633 489 2694 quo
511 2622 589 2674 sunt
608 2611 731 2689 omnia,
754 2633 817 2674 nee
832 2612 918 2675 tollit
932 2611 1157 2674 castimoniam
1172 2634 1244 2676 cor-

215 2755 254 2762 ...-

215 2820 225 2869 1
250 2816 335 2872 cesses
350 2820 378 2870 A
398 2818 568 2871 Heinsiunus
670 2835 753 2887 quom
770 2820 797 2870 A
815 2790 861 2893 iim
879 2819 907 2871 B
923 2833 986 2870 eum
1002 2818 1038 2869 H
1138 2820 1154 2870 2
1172 2817 1244 2870 effn-

215 2919 301 2974 oanus
314 2922 350 2975 H
450 2921 465 2972 3
483 2895 539 2975 nti
551 2921 724 2974 Monacensis
740 2919 790 2974 fita
807 2920 899 2973 ABH
988 2917 1147 2973 uuerenllc
1163 2919 1245 2974 fu1l⁴ie

213 3030 344 3094 optume*
363 3027 391 3077 A
505 3021 554 3076 1lle
572 3024 599 3074 B
707 2989 910 3090 nonneoeiseiee
926 3023 954 3074 A
971 2988 1246 3078 nonnecesreriif⁰sed

215 3107 229 3162 f
238 3115 299 3163 unte
310 3128 436 3164 rasuram
448 3129 461 3162 e
474 3128 536 3163 corr
548 3111 576 3164 B
587 3108 759 3178 nonlnecesse
771 3110 867 3162 omisso
881 3127 941 3162 esse
953 3110 989 3161 H
1095 3112 1112 3160 4
1131 3128 1245 3191 optume
1263 3119 1264 3124 ’

212 3213 249 3266 H
257 3229 371 3283 optume
383 3215 411 3265 A
429 3231 534 3293 optime
547 3214 573 3265 B
667 3215 683 3265 6
701 3187 799 3282 prdsus
813 3215 841 3265 A
858 3211 971 3282 prorsus
985 3214 1013 3265 B
1029 3211 1114 3281 ,prius
1127 3214 1164 3266 H

214 3298 464 3369 'IexspectatseB
481 3299 543 3364 (sic)
639 3297 767 3368 legesque
785 3301 821 3352 H
909 3297 1021 3351 Silium
1036 3316 1099 3352 corr
1113 3299 1152 3353 ud
1168 3302 1196 3352 A
1213 3298 1246 3353 11-

211 3367 271 3472 luii
287 3404 316 3456 B
333 3400 404 3455 fflud
423 3404 457 3455 H
546 3418 681 3472 opumum
698 3403 726 3456 B
823 3419 877 3471 que
895 3403 931 3454 H
1023 3401 1099 3484 forse
1117 3406 1142 3456 A

215 3506 246 3556 13
264 3504 307 3558 uti
324 3521 406 3573 roges
428 3505 566 3558 Turnebus
583 3504 641 3557 utei
662 3521 744 3574 roges
765 3508 899 3558 Gruterus
915 3522 950 3556 us
967 3505 993 3558 &
1008 3523 1043 3557 tu
1061 3505 1145 3574 rogas
1158 3505 1252 3559 ABH

214 3590 272 3644 utei
289 3597 321 3644 tu
339 3608 421 3660 rogas
440 3591 580 3654 Dauisius,
602 3592 648 3643 sed
665 3596 695 3643 tu
714 3593 743 3644 r'n
760 3610 791 3644 eu
804 3591 931 3660 ,formula
949 3591 1066 3644 alienum
1085 3591 1117 3643 ab
1135 3610 1185 3644 usu
1202 3591 1247 3644 ui-

213 3678 291 3730 detur
395 3676 501 3748 possem
519 3676 609 3730 dleere
627 3678 668 3740 H,
689 3695 750 3729 corr
767 3676 866 3747 possim
884 3676 991 3730 edlcere
1008 3679 1037 3729 A
1053 3676 1158 3747 possem
1178 3679 1248 3740 (corr

214 3762 319 3833 possm)
344 3763 450 3817 edicere
468 3766 495 3818 B
611 3764 642 3813 14
659 3761 762 3815 tanede
785 3763 854 3831 [fuit
870 3760 1006 3828 eamdem)
1029 3765 1057 3815 A
1073 3761 1167 3816 sudem
1185 3779 1247 3815 corr

213 3851 307 3920 dudem
325 3866 454 3919 Btande
472 3867 507 3919 H
632 3866 675 3920 es*
693 3865 761 3935 (fuit
780 3865 833 3931 est)
851 3868 878 3918 A
896 3871 911 3917 ὂ
930 3863 969 3929 H,
985 3884 1046 3919 corr
1060 3865 1090 3919 es
1099 3867 1127 3918 B

213 3944 267 4022 alst
284 3971 312 4023 B
417 3971 447 4021 15
466 3967 579 4039 prorsus
594 3970 650 4022 AB
667 3967 750 4038 ursus
766 3969 802 4021 H
897 3967 989 4022 fiscum
1011 3969 1058 4021 sed
1075 3987 1136 4021 corr
1154 3967 1247 4037 slsoim

218 4073 271 4137 (sio)
284 4073 321 4125 H
396 4052 435 4124 *17
449 4073 544 4126 eodem
558 4072 666 4125 addidit
678 4071 960 4174 ModuiqiusdHrnend.
969 4088 1000 4139 p.
1016 4073 1049 4123 64
1132 4073 1162 4123 18
1175 4045 1211 4138 ed
1220 4073 1247 4122 A

283 4177 316 4227 20
329 4174 424 4244 sdidre
434 4176 461 4226 B
470 4175 563 4228 adure
572 4177 600 4227 A
612 4173 707 4228 adldre
718 4175 754 4227 H
820 4172 904 4226 sdeos
911 4178 935 4226 A
947 4171 1032 4226 edeos
1037 4175 1073 4226 H
1132 4171 1209 4225 amos
1217 4173 1253 4226 H
