3030 4876
540 371 564 410 11
584 361 624 423 10,
645 361 677 410 25
696 389 730 398 -
749 360 789 423 11,
810 362 844 412 rc
1147 367 1207 428 103

175 531 234 595 sed
262 531 343 594 deus
372 531 441 615 ipse
469 531 594 594 uindex
623 532 840 609 constituitur,
870 533 1050 614 praesentis
1079 557 1204 619 poenae

176 645 268 696 metu
290 633 404 718 religio
428 634 613 696 confirmari
637 634 779 698 uidetur.

242 737 389 819 Suosque
419 738 495 800 deos
525 748 583 800 aut
611 759 714 801 nouos
740 748 798 800 aut
821 738 1020 823 alienigenas
1043 739 1106 803 coli
1129 761 1208 803 con·

176 840 341 904 fusionem
368 839 468 903 habet
490 839 686 924 religionum
709 851 742 903 et
763 840 890 925 ignotas
912 842 1124 906 caerimonias
1146 866 1207 906 nos

126 953 165 1010 26
177 943 408 1006 sacerdotibus.
439 965 516 1006 nam
545 966 565 1007 c
592 943 739 1026 patribus
760 955 910 1028 acceptos
933 945 1009 1007 deos
1031 944 1077 1007 ita
1099 946 1208 1029 placet
1239 967 1253 1004 ε»

177 1045 250 1125 coli,
275 1045 303 1109 si
323 1045 403 1109 huic
425 1045 490 1129 legi
512 1046 683 1130 paruerint
703 1045 767 1130 ipsi
788 1057 904 1130 patres.

241 1150 389 1212 Delubra
411 1170 479 1211 esse
502 1148 539 1210 in
561 1148 697 1212 urbibus
719 1168 843 1227 cense0,
871 1172 933 1213 nec
955 1172 1072 1232 sequor
1093 1152 1206 1236 Magos

176 1253 359 1330 Persarum,
378 1251 496 1334 quibus
511 1252 699 1315 auctoribus
713 1253 834 1315 Xerses
849 1253 1067 1316 inflammasse
1085 1254 1208 1337 templa

177 1354 336 1418 Graeciae
360 1354 487 1433 dicitur,
506 1355 593 1437 quod
615 1354 794 1437 parietibus
808 1355 1018 1419 includerent
1033 1356 1116 1436 deos,
1134 1357 1208 1439 qui-

176 1457 238 1519 bus
261 1457 371 1520 omnia
393 1458 550 1521 deberent
572 1479 640 1521 esse
662 1457 810 1541 patentia
825 1479 863 1520 ac
885 1459 987 1522 libera
1003 1480 1206 1543 quorumque
1228 1482 1252 1522 ro

128 1559 232 1623 llhic
266 1560 410 1623 mundus
439 1559 545 1623 omnis
575 1560 736 1643 templum
763 1572 847 1624 esset
874 1572 907 1624 et
936 1562 1060 1626 domus.
1089 1563 1208 1627 melius

177 1662 272 1728 Graii
300 1674 397 1746 atque
427 1664 537 1743 nostri,
563 1663 619 1746 qui
642 1674 680 1726 ut
701 1674 860 1748 augerent
881 1665 1038 1748 pietatem
1059 1666 1096 1729 in
1119 1667 1204 1744 deos,

177 1889 488 1899 -———.-—.-—.

178 2057 275 2093 rasura
293 2058 355 2093 corr
374 2042 411 2094 H
521 2042 533 2090 1
554 2040 649 2094 sedens
666 2043 702 2094 H
812 2039 950 2111 presentis
965 2046 993 2095 A
1104 2060 1209 2112 poenas

177 2125 314 2190 micurta
332 2145 393 2180 corr
411 2126 440 2178 in
458 2130 488 2192 ae)
506 2129 534 2178 A
552 2143 621 2205 pene
638 2144 733 2180 meru*
752 2129 788 2180 H
883 2129 897 2178 3
916 2125 990 2197 suos!
1002 2134 1018 2202 q
1031 2131 1058 2183 Β
1145 2127 1209 2183 ahe-

176 2210 293 2279 mgenas
308 2214 344 2265 H
358 2209 520 2280 ahemgmas
536 2230 596 2265 corr
614 2211 699 2281 genas
714 2214 772 2266 AB
868 2211 920 2292 celi
932 2216 968 2267 H
1063 2217 1079 2264 4
1097 2213 1210 2283 rehgro-

177 2285 239 2379 nvem
258 2317 286 2367 A
396 2312 714 2383 ignorasBHrgnoras
734 2319 793 2381 (τε
811 2320 884 2381 corr)
908 2320 936 2369 A
1050 2316 1213 2371 cerimonias

179 2419 245 2470 AH
337 2416 544 2478 sossaeerdonu
557 2420 586 2471 B
602 2416 654 2471 nos
668 2416 858 2473 sacerdotibus
873 2421 910 2473 H
921 2393 1170 2488 nissalcerdorrbus
1180 2422 1208 2473 A

177 2501 280 2556 nostris
292 2502 481 2557 sacerdotibus
493 2504 629 2557 Dauisius
722 2505 887 2559 bauddidit
898 2505 988 2559 Aldus
1030 2510 1033 2516 '
1073 2504 1222 2578 numliam

177 2589 211 2641 de
222 2588 386 2641 Mommsem·
400 2589 531 2642 sententia
543 2589 673 2644 Halmius
691 2594 716 2643 et
733 2591 876 2650 Baiarum
895 2593 942 2644 sed
957 2591 1054 2660 opinor
1066 2608 1129 2643 nam
1148 2608 1209 2643 eau-

177 2674 236 2727 dem
258 2675 306 2728 too
329 2676 386 2728 loco
409 2675 540 2728 rationem
557 2673 654 2727 tabere
673 2692 751 2744 quam
768 2674 845 2728 isabel
858 2694 889 2745 p.
904 2680 934 2741 9,
950 2678 965 2728 2
983 2694 1047 2729 nam
1064 2674 1131 2745 quid
1148 2676 1209 2729 Ma·

177 2776 253 2812 crum
270 2777 424 2825 numerem,
449 2765 475 2812 et
492 2779 571 2830 saepe
588 2760 672 2822 altas,-
686 2779 762 2830 quem
779 2779 855 2814 usum
868 2763 1024 2833 perstriuxi
1034 2763 1064 2816 ia
1076 2763 1133 2815 ind.
1147 2764 1206 2816 leci.

179 2845 244 2898 1319
254 2863 285 2914 p.
303 2847 334 2898 14
431 2845 518 2916 plac&
531 2845 584 2899 eolr
597 2844 618 2898 sr
631 2845 693 2912 (coh
704 2844 725 2899 si
738 2847 767 2899 in
778 2852 883 2913 rasura)
900 2850 928 2901 A
1032 2851 1048 2901 6
1059 2847 1122 2916 lege
1134 2849 1204 2909 AH,

176 2949 239 2984 corr
257 2949 284 3000 gr
302 2935 330 2986 B
432 2950 595 3003 parruermr
612 2935 640 2984 A
657 2949 802 3001 paruerrnr
820 2934 856 2987 H
869 2934 1024 3004 parauerul
1037 2936 1064 2988 Β
1161 2949 1209 3002 pa-

174 3024 232 3071 tres
249 3018 464 3093 Wylienbacbg'us
481 3020 559 3089 (quod
572 3036 621 3094 cur
633 3018 719 3071 deleri
734 3018 800 3072 uelit
813 3019 958 3083 Halmius,
973 3037 1054 3073 causa
1070 3019 1145 3072 nulia
1157 3022 1203 3082 est)

175 3138 284 3190 patrem
302 3124 338 3175 H
351 3095 460 3192 patrem
477 3123 505 3175 B
523 3097 604 3192 parri
615 3124 643 3174 A
649 3141 658 3184 ;
679 3127 811 3175 corrector
824 3122 950 3191 coniunqi
966 3128 1075 3192 patrum
1093 3120 1208 3175 delubra

174 3224 268 3288 uoluit,
289 3225 357 3293 quod
374 3225 503 3279 editiones
520 3225 678 3279 uetustiores
696 3225 792 3277 babent
896 3228 911 3276 7
928 3216 1070 3294 delubrem
1087 3226 1115 3277 B
1133 3222 1209 3278 delu-

174 3309 240 3362 bra*
259 3312 288 3362 A
306 3308 448 3363 delubrem
466 3312 502 3364 H
562 3323 565 3329 ·
602 3313 617 3362 8
634 3309 762 3382 psasrum
780 3313 816 3364 H
916 3310 1058 3365 aetorrbus
1074 3313 1110 3364 H

175 3393 292 3460 exerlses
306 3397 353 3448 sed
371 3413 385 3448 e
398 3396 521 3463 primum
539 3415 647 3449 erasum
664 3398 693 3449 B
710 3393 821 3450 *xerses
830 3399 859 3449 A
879 3395 987 3450 exerses
997 3398 1042 3460 H,
1064 3398 1158 3467 confer
1173 3415 1206 3466 p.

174 3482 277 3546 60,17;
298 3482 331 3535 de
342 3487 398 3536 reat.
414 3480 493 3535 deor.⁴
504 3484 527 3545 1,
543 3484 585 3546 41,
602 3484 649 3533 115
663 3489 695 3535 ut
713 3499 839 3547 exerces,
859 3485 890 3537 de
909 3501 959 3552 quo
977 3501 1029 3536 uon
1047 3487 1117 3536 recte
1135 3482 1208 3535 iudi-

174 3567 247 3619 cauit
264 3567 408 3626 Baiterus‚·
427 3567 458 3619 de
466 3569 522 3638 fin.
537 3570 561 3632 2,
577 3570 618 3632 34,
635 3570 683 3619 112
701 3567 725 3621 si
744 3585 853 3622 exerces
865 3570 937 3628 BE‚·
956 3569 1012 3621 ulia
1030 3569 1088 3622 eius
1103 3567 1209 3638 qeneris

174 3652 364 3708 Lachmannus
383 3655 466 3707 Luor.
482 3671 513 3722 p.
529 3656 589 3719 232,
611 3656 751 3724 Hauptius
772 3656 841 3725 Opp.
856 3657 881 3719 2,
897 3656 948 3706 321
959 3655 1105 3708 attuleruut

173 3736 219 3791 urs
232 3738 355 3793 flammas
370 3737 397 3793 se
416 3742 452 3793 H
551 3742 567 3791 9
586 3756 709 3808 graerrae
727 3742 754 3794 Β
774 3756 864 3819 grecie
883 3742 919 3793 H
1020 3743 1052 3793 10
1070 3758 1208 3810 patrenus

173 3827 201 3878 B
212 3843 357 3895 porsenna
365 3827 392 3878 A
405 3843 530 3895 perenna
541 3829 563 3889 (τ
572 3844 609 3894 pr
621 3826 651 3878 iu
663 3830 765 3891 rasura)
784 3828 820 3879 H
914 3826 970 3894 brac
982 3830 1010 3879 A
1022 3827 1073 3880 hac
1087 3828 1123 3879 H

175 3929 206 3980 12
224 3904 300 4005 griffi
311 3931 340 3982 B
357 3945 438 3997 groeer
457 3931 503 3993 (aec
522 3948 534 3980 ε
553 3946 624 3991 corr,
637 3929 699 3999 fuit
717 3932 797 3997 grau)
810 3934 836 3982 A
853 3945 983 4000 granam,
996 3932 1033 3984 H
1035 3952 1044 3990 ,·
1065 3928 1143 3984 Graii
1157 3948 1207 4000 po·

173 4032 224 4096 sui,
240 4033 401 4104 uulyabuiur
414 4031 522 4096 Graeci,
537 4033 583 4085 sed
601 4031 677 4084 iliam
688 4034 813 4100 sormam
831 4030 861 4085 in
879 4033 1012 4085 communi
1024 4034 1103 4101 sonte
1117 4032 1206 4098 fuisse

173 4117 303 4171 librorum
320 4117 423 4170 iudicia
434 4118 569 4186 produnt,
590 4120 773 4186 eaqueforma
790 4117 883 4171 Cicero
900 4118 926 4170 si
942 4137 994 4171 aon
1012 4137 1091 4189 saepe
1108 4123 1137 4171 at
1155 4117 1208 4170 uli-
