3030 4876
509 355 575 418 118,
596 356 627 406 21
646 384 681 392 -
699 356 723 417 9,
744 349 774 406 21
1118 359 1158 420 97

121 528 249 611 fulgere
277 524 465 610 regionibus
488 526 565 588 retis
588 536 797 609 temperante,
823 528 1002 610 urbemque
1019 538 1051 590 et
1066 549 1159 612 agros

123 641 156 693 et
184 629 309 713 templa
337 627 474 690 liberata
503 639 535 690 et
565 628 659 690 effata
686 628 845 706 habent03
876 651 1023 712 quaeque
1054 651 1160 714 augur

122 733 246 796 iniusta
273 732 400 794 nefasta
430 729 547 793 uitiosa
574 730 644 792 dira
667 730 824 810 defixerit,
849 731 948 795 inrita
970 731 1158 814 infectaque

123 847 228 913 sunto,
255 835 377 917 quique
400 854 467 896 non
489 834 642 916 paruerit,
668 833 787 915 capital
809 846 886 898 esto.

79 938 105 1005 9
188 938 371 1000 Foederum
401 936 491 1019 pacis
520 936 600 999 belli
622 935 823 999 indotiarum
845 948 1009 1000 oratorum
1031 937 1158 1001 fetiales
1188 957 1202 997 s

123 1040 249 1103 iudices
272 1040 379 1103 nontii
402 1048 512 1102 sunto:
536 1039 623 1102 bella
646 1039 856 1122 disceptante

128 1253 130 1256 ,
138 1250 433 1257 ffl—

127 1402 138 1450 1
158 1398 268 1467 fulgere
285 1417 347 1452 corr
363 1396 474 1467 fulgora
485 1400 542 1453 ΑΒ
558 1396 672 1466 fulgura
690 1399 736 1451 sed
753 1416 772 1450 u
790 1404 850 1451 ante
868 1416 882 1452 r
899 1399 929 1452 in
941 1418 1040 1454 rasura
1053 1403 1089 1454 H

124 1485 247 1554 urbemq;
269 1487 295 1549 (r
314 1502 376 1537 narr
393 1502 426 1536 en·
441 1487 467 1548 t)
486 1485 514 1538 B
531 1484 681 1552 urbemque
704 1487 732 1548 (r
748 1503 762 1535 e
780 1488 848 1547 corr)
869 1487 896 1536 A
914 1486 1036 1554 urbemq;
1056 1488 1092 1539 H

124 1571 273 1639 urbemque
287 1576 314 1623 et
329 1586 410 1638 agros
423 1569 485 1622 Eru.
501 1571 687 1640 Hoffmannus
701 1586 784 1638 supra
792 1588 828 1639 rr.¹
837 1572 878 1633 96,
890 1572 979 1641 4post
991 1571 1159 1625 secerdotes-

124 1673 178 1726 que
202 1656 348 1709 inserenda
372 1655 484 1708 coniecit
604 1657 620 1706 2
639 1661 667 1707 et
683 1660 744 1708 ante
761 1654 862 1725 templa
878 1656 979 1709 deleuit
1000 1658 1159 1711 Goereneius

228 1740 309 1794 effata
327 1742 408 1809 aulae
428 1740 505 1794 efflat
524 1742 564 1805 H,
584 1757 646 1794 eorr
664 1740 760 1794 efflata
773 1743 828 1794 ΑΒ
930 1741 1045 1796 hebenu
1062 1745 1099 1797 H
1111 1743 1159 1796 ha·

124 1818 241 1910 bentiB
250 1843 371 1896 habento
381 1846 405 1908 (ο
418 1861 479 1897 corr
491 1847 521 1895 ut
531 1843 637 1896 uidetur
649 1862 681 1896 en
692 1847 709 1908 ι)
722 1847 749 1896 Α
824 1861 903 1914 queq;
917 1862 1045 1914 augurrm
1057 1843 1119 1899 usta
1127 1849 1164 1900 H

229 1948 244 1998 3
262 1944 364 1999 umosa
381 1938 457 2011 idua
475 1948 503 2000 Β
621 1945 751 1999 defixenr
768 1949 832 2000 BH
847 1947 973 2001 drfrxern
990 1966 1050 2002 corr
1068 1948 1116 2002 def
1131 1952 1160 2002 Α

125 2032 227 2086 dixerit
250 2034 295 2087 uel
318 2031 436 2085 deixerit
456 2033 593 2086 Turnebus
611 2037 636 2084 et
655 2032 779 2100 Lipsiae
799 2033 921 2086 refixerit
937 2033 1000 2087 Hm.
1014 2036 1161 2109 Hoffman-

124 2137 175 2172 uus
192 2123 218 2170 et
230 2120 263 2172 L.
277 2120 412 2188 LanqiuS,
435 2120 506 2187 quad
523 2135 603 2188 quarn
621 2136 683 2171 aere
701 2117 807 2171 dicatur
824 2119 934 2172 dubito:
952 2138 1015 2173 nam
1035 2122 1113 2189 teges,
1132 2123 1159 2176 Ιι.

125 2224 147 2257 e.
165 2205 252 2270 aqam
271 2203 385 2268 tabulae,
401 2204 517 2273 proprie
537 2201 615 2271 refigi
633 2204 773 2264 dicuntum
791 2221 874 2306 neque
893 2205 1021 2260 defixerit
1039 2209 1160 2277 quamuis

124 2306 261 2379 singulare
278 2306 315 2359 sit
331 2307 397 2360 satie
414 2312 470 2360 tuto
489 2306 599 2359 destitui
615 2307 722 2360 uidetur
830 2325 917 2360 mma
934 2310 963 2361 B
1075 2310 1161 2363 mfee-

124 2409 182 2461 iaq3
196 2392 365 2446 Heinsianus
383 2389 538 2470 infestaque
549 2392 605 2444 AB
707 2394 724 2443 4
742 2391 857 2463 capitale
876 2399 934 2446 esto
954 2394 1098 2448 deteriores
1117 2413 1160 2450 ea·

124 2494 194 2566 pitsl
206 2502 264 2549 esto
278 2495 424 2549 Manutius
436 2464 600 2564 eanfrilesto
613 2497 641 2549 B
653 2512 743 2548 canta
753 2493 824 2548 lesto
839 2495 891 2560 (eie)
904 2497 940 2548 H
948 2494 1121 2550 eenstolesto
1132 2501 1160 2550 A

229 2601 243 2650 5
262 2597 433 2650 indonerum
453 2598 489 2649 H
503 2570 643 2664 rndrltraru
658 2600 714 2652 ΑΒ
817 2595 945 2651 faenales
960 2600 988 2653 B
1005 2598 1116 2678 fetiales
1129 2602 1166 2654 H

228 2686 244 2736 6
262 2681 368 2736 iudices
385 2681 475 2735 nontii
487 2688 567 2735 sunto
580 2683 679 2752 scribsi
689 2681 795 2736 rudroes
803 2702 858 2736 non
871 2682 954 2737 sunto
968 2689 1006 2749 (το
1020 2685 1048 2737 in
1060 2703 1106 2739 rue
1119 2689 1161 2752 H)

126 2770 225 2832 ΑΒΗ,
245 2768 290 2821 ius
307 2774 441 2821 noseunto
455 2763 612 2840 Maduiqius
630 2786 716 2838 nuper
803 2768 974 2838 disceptante
988 2772 1160 2824 Ascensiaua

125 2853 290 2924 disceptatio
303 2854 400 2907 ΑΒΗ
498 2859 637 2906 oratorum
655 2854 750 2922 opinor
765 2860 803 2908 est
820 2855 853 2907 ab
871 2861 958 2920 orato,
978 2875 1031 2910 nen
1049 2857 1082 2909 ab
1100 2874 1160 2910 ora-

124 2947 197 3003 tore;
219 2941 270 2992 duo
289 2940 357 2991 enim
375 2937 453 3007 pouit
470 2938 583 2992 foedere
605 2939 695 3009 pacis,
714 2939 782 2994 belli
808 2939 944 3007 indutias,
966 2942 1028 2994 dein
1045 2959 1160 2995 seorsum

123 3023 206 3089 bella,
222 3042 298 3094 quern
311 3025 467 3077 admodum
479 3026 509 3077 in
521 3025 693 3078 enarratione
706 3029 736 3090 (e.
749 3027 789 3091 14)
804 3027 833 3079 in
846 3027 913 3081 bello
926 3028 1105 3096 surripienda,
1116 3047 1161 3097 ye-

125 3111 218 3174 rendo,
240 3112 393 3179 deponendo
398 3110 543 3179 fetialium
561 3111 684 3182 offitium
701 3129 755 3164 eree
766 3112 859 3176 ualuit,
874 3130 956 3181 neque
969 3114 1028 3166 lieet
1042 3114 1099 3166 illis
1111 3115 1160 3167 tri·

126 3197 173 3249 bus
191 3201 239 3250 aut
257 3198 375 3249 adimere
393 3196 534 3266 quiequam
551 3201 598 3248 aut
615 3197 730 3250 adiicere
748 3199 836 3261 arua·
856 3197 963 3252 iudices
984 3204 1073 3253 autem
1095 3199 1161 3270 quid

125 3287 261 3346 uoeentur,
284 3283 424 3336 declarant
441 3301 472 3335 eu
491 3301 557 3353 quae
574 3282 668 3335 scribit
686 3285 723 3337 ad
740 3286 800 3338 An.
815 3286 840 3349 4,
855 3286 880 3349 2,
896 3286 912 3335 4
929 3291 989 3337 tum
1006 3285 1046 3338 M.
1060 3283 1161 3338 Lucul-

124 3366 169 3421 lus
188 3367 222 3420 de
239 3366 362 3420 omnium
385 3366 552 3436 collegarum
573 3366 709 3421 sententia
732 3368 876 3439 respondit
893 3369 1035 3438 religionis
1054 3369 1161 3424 iudices

125 3452 267 3524 pontifices
288 3453 391 3519 fuisse,
410 3452 481 3522 legis
501 3459 639 3507 senatumr
660 3470 689 3506 se
707 3460 735 3507 et
752 3452 872 3524 collegas
890 3473 955 3508 suos
974 3455 1008 3509 de
1026 3454 1161 3526 religione

126 3539 265 3604 statuisse,
285 3536 314 3602 in
333 3546 430 3593 senatu
448 3539 482 3592 de
498 3538 561 3607 lege
580 3545 732 3593 statuturos
750 3557 812 3593 eum
824 3548 935 3595 senatu:
956 3541 1004 3607 sie,
1019 3547 1097 3612 puto,
1115 3544 1163 3608 se-

126 3625 212 3687 uates,
227 3643 293 3694 quos
306 3626 428 3694 publicos
444 3625 514 3678 iuris
532 3625 596 3678 belli
611 3629 637 3677 et
650 3625 729 3696 paris
745 3627 903 3696 interpretes
916 3629 1050 3681 eorrstituit
1062 3630 1092 3693 (a
1104 3629 1157 3693 14),

119 3712 238 3780 foedera
253 3713 333 3781 panis
350 3715 398 3765 aut
415 3711 479 3764 belli
495 3709 615 3763 indutiae
633 3729 691 3764 eunt
708 3717 821 3766 orantur
832 3715 876 3766 uei
890 3721 968 3766 arata
997 3770 1002 3775 ,
1035 3718 1055 3779 t,
1070 3731 1161 3766 eorum

126 3794 232 3849 iudices
250 3814 305 3849 esse
323 3796 394 3849 iubet
411 3799 564 3866 eosdemque
581 3814 673 3850 earurn
690 3815 779 3852 rerum
797 3799 918 3864 nuntios,
932 3732 1053 3853 uelim
1065 3799 1160 3870 ieratis

126 3881 219 3935 scribit
230 3882 260 3934 in
278 3881 368 3936 Vatin.
385 3883 426 3947 15,
442 3883 473 3933 35
487 3889 585 3936 utnon
597 3883 709 3938 nuntios
720 3883 797 3954 paois
808 3902 840 3938 ee
851 3883 928 3949 belli,
948 3902 1004 3938 non
1023 3891 1157 3949 oratores,

125 3984 181 4020 non
189 3966 355 4037 interpretes
365 3975 476 4022 senatus
485 3966 607 4037 deligere
619 3975 721 4038 posset,
733 3975 759 4022 et
768 3970 989 4040 apadLiuiarnl,
997 3973 1039 4035 32,
1048 3973 1064 4023 6
1069 3971 1160 4040 fetia-

125 4052 160 4105 lis
174 4069 224 4122 ego
238 4071 299 4107 sum
316 4054 404 4123 inquit
420 4052 549 4124 publicus
560 4054 674 4109 nuntius
685 4054 781 4126 populi
798 4055 931 4109 Romanir
952 4059 1112 4126 eandemque
1130 4056 1160 4109 in

125 4141 181 4192 uim
193 4157 272 4208 quarn
283 4138 390 4193 iudiees
402 4141 651 4210 appellatsetiatee‚
664 4139 738 4194 bella
749 4160 793 4195 eas
806 4140 968 4210 disceptare,
983 4144 1009 4195 t.
1019 4162 1041 4196 e.
1052 4144 1086 4196 de
1098 4142 1162 4195 belli

179 4252 222 4282 ore.
237 4251 288 4282 nee.
302 4251 327 4282 11.
938 4248 952 4296 7
