2940 4890
207 422 267 465 m
504 415 667 455 mnino
683 415 782 455 ‚roras
799 416 947 456 mntem

207 575 250 638 tis
280 575 322 636 ad
351 595 424 636 eam
445 575 670 656 quaestionem
691 576 820 638 delatus
842 598 926 658 quae
953 588 1002 639 est
1023 578 1065 640 de
1092 599 1255 643 sermone

206 693 315 778 prisco
337 716 436 776 quem
454 695 571 758 Cicero
592 697 629 758 in
650 696 763 780 legum
784 697 905 759 tabulis
926 697 1086 760 imitando
1108 720 1256 782 expres-
1286 762 1290 769 ,

207 815 265 891 sit,
291 815 332 877 dc
354 813 425 877 eius
446 815 494 877 rei
516 816 657 892 ratione,
682 838 702 877 a
722 838 776 878 me
797 826 832 878 et
853 817 1054 881 Buechelero
1076 840 1144 881 non
1170 842 1254 903 per-

207 947 328 1018 specta,
346 957 388 997 ex
401 957 475 997 mea
489 936 634 999 editione
648 936 871 999 Heinsimum
886 937 1032 1000 codicem
1052 938 1254 1022 negligente

208 1067 297 1118 recte
318 1055 458 1117 iudicari
479 1077 573 1138 posse
593 1055 744 1140 negauit,
766 1055 879 1138 itaque
900 1057 1047 1140 inspecto
1065 1058 1135 1141 ipse
1151 1059 1193 1121 in
1208 1060 1254 1124 iis

207 1176 357 1259 partibus
372 1176 484 1238 codice
497 1175 558 1238 has
572 1176 701 1239 tabulas
723 1176 832 1239 denuo
847 1177 990 1240 edendas
1011 1178 1141 1241 curauit
1165 1182 1253 1244 sub-

207 1296 294 1360 iecta
324 1296 534 1359 adnotatione
565 1296 688 1358 critica
723 1319 807 1379 quae
829 1297 963 1380 quidem
992 1298 1252 1364 constitutiones

209 1427 247 1479 ut
269 1418 310 1479 ab
332 1416 390 1480 illo
412 1416 519 1479 editae
541 1427 620 1479 sunt
640 1416 755 1479 multis
775 1417 882 1480 modis
904 1440 923 1479 a
937 1439 1011 1481 mea
1030 1417 1068 1481 in
1088 1418 1128 1481 iis
1150 1442 1251 1485 reco—

208 1537 405 1621 gnoscendis
419 1536 579 1599 modestia
593 1534 775 1613 discedunt,
796 1537 854 1599 sed
870 1540 917 1618 (ut
936 1538 1084 1601 omittam
1106 1539 1251 1604 festina-

208 1657 308 1720 tionis
331 1668 363 1719 et
385 1655 551 1720 socordiae
573 1655 714 1739 uestigia
734 1657 854 1738 multa)
877 1658 1033 1741 pleraque
1054 1681 1143 1722 noua
1173 1662 1251 1724 edi-

208 1776 288 1840 toris
309 1775 444 1860 ingenio
465 1785 559 1858 parta
580 1786 672 1853 sunt,
694 1797 748 1838 eus
771 1777 912 1841 rationes
935 1778 1064 1842 criticas
1084 1781 1245 1863 amplexi,

210 1919 292 1980 quae
320 1906 358 1958 ut
384 1917 481 1979 saepe
506 1896 628 1958 multos
655 1896 693 1959 in
717 1898 967 1962 admirationem
989 1921 1101 1983 rapere
1123 1900 1246 1979 solent,

208 2017 254 2079 ita
276 2016 367 2092 mihi,
392 2015 520 2078 silicet
541 2038 659 2078 uerum
680 2017 784 2095 fateri,
808 2040 981 2101 peruersae
1003 2041 1042 2082 ac
1064 2041 1160 2103 saepe
1185 2021 1270 2085 uix*

209 2136 361 2200 tirocinio
377 2135 490 2198 critico
505 2137 583 2198 satis
598 2137 716 2220 dignae
739 2136 910 2214 uidentur;
935 2161 1034 2221 quare
1049 2161 1155 2223 pauca
1171 2142 1248 2205 eius

209 2267 393 2321 commenta
414 2255 451 2319 in
473 2256 684 2319 adnotatione
706 2258 886 2320 memoraui
908 2269 942 2321 et
963 2259 1141 2337 confutaui,
1164 2262 1248 2325 reli-

208 2400 273 2460 qua
305 2389 343 2440 ut
370 2376 469 2439 nimis
490 2375 662 2439 temeraria
683 2387 742 2439 aut
763 2378 903 2440 absurda
924 2378 1054 2442 silentio
1075 2382 1245 2462 praeterii,

208 2499 303 2561 uelut
326 2498 365 2560 de
387 2497 459 2559 loco
482 2496 639 2579 impedito
656 2495 713 2578 qui
735 2506 784 2559 est
805 2497 845 2560 de
860 2497 1023 2562 fetialium
1037 2499 1108 2562 iure
1128 2500 1170 2582 (p.
1191 2506 1245 2583 97)

208 2642 292 2701 quae
314 2616 501 2694 hariolator,
522 2616 563 2678 ad
585 2616 666 2678 haec
689 2615 857 2680 Ciceronis
872 2640 955 2700 quae
977 2619 1109 2702 putauit
1120 2619 1247 2703 foede-

208 2761 279 2802 rum
298 2738 388 2820 pects
409 2736 484 2800 belli
503 2735 699 2799 indutiarum
721 2745 861 2800 oratores
871 2739 1009 2822 fetiales
1031 2747 1129 2818 sunto,
1154 2738 1247 2804 iudi-

209 2881 259 2922 ces
280 2879 342 2920 oon
363 2864 462 2934 sonte,
487 2877 604 2939 parum
627 2856 685 2918 illa
706 2856 840 2938 quidem
862 2858 973 2936 latina,
998 2881 1017 2921 a
1039 2859 1166 2922 ridente
1185 2863 1246 2926 Ci-

209 2976 336 3042 ceronis
351 2975 547 3040 sententiam
561 2976 682 3038 lectore
698 2977 859 3060 adscripta
875 3000 942 3041 esse
959 2981 1059 3042 uerba
1075 2979 1158 3042 bello
1173 2981 1245 3045 dis-

209 3096 342 3181 ceptatio
363 3096 413 3179 [cf.
430 3095 498 3158 ind.
514 3095 588 3158 lect.
606 3117 633 3157 a.
648 3101 727 3158 1880
743 3118 775 3178 p.
796 3100 863 3181 14):
884 3096 964 3159 talia
986 3099 1074 3161 enim
1096 3099 1246 3164 ludibria

207 3216 369 3282 obliuioni
392 3215 499 3278 danda
522 3236 583 3277 nec
606 3214 688 3277 serio
711 3216 889 3279 refellenda
912 3218 1034 3280 censui.
1063 3219 1120 3282 sed
1136 3221 1245 3285 codex

208 3336 419 3413 Heinsianus,
437 3335 531 3398 cuius
547 3356 644 3397 causa
657 3336 738 3398 baec
754 3336 873 3400 edendi
887 3359 985 3421 opera
999 3350 1130 3422 sumpta
1143 3361 1245 3422 prae-

210 3459 345 3534 dicatur,
370 3455 397 3519 si
420 3455 492 3538 quis
515 3465 664 3537 quaerat,
689 3477 788 3538 quam
817 3456 993 3521 utilitatem
1021 3458 1100 3521 huic
1123 3481 1244 3522 recen-

208 3579 294 3643 sioni
324 3575 485 3652 attulerit,
510 3576 611 3637 uerba
633 3575 694 3638 sibi
717 3577 787 3639 dari
813 3577 989 3663 intelliget,
1015 3600 1122 3661 neque
1145 3579 1244 3660 quic-

209 3721 307 3783 quam
331 3720 371 3760 ex
391 3718 428 3758 eo
444 3695 526 3758 libro
542 3694 692 3777 petitum,
710 3718 774 3779 quo
789 3697 929 3781 reposito
945 3712 1058 3761 auctor
1071 3697 1244 3781 promissis

208 3819 333 3884 stetisse
349 3827 407 3879 aut
421 3837 536 3899 operae
553 3816 696 3898 pretium
711 3817 836 3881 edendo
852 3818 965 3881 fecisse
989 3817 1156 3895 uideatur;
1173 3840 1244 3901 qua

209 3960 288 4003 uero
300 3960 334 4001 re
350 3935 491 3999 maxime
514 3935 612 3999 huius
634 3936 710 4000 libri
729 3937 873 4020 pretium
895 3937 1131 4015 continebatur,
1150 3941 1243 4020 quod

208 4078 458 4140 nonnumquam
485 4055 661 4139 scripturas
683 4078 776 4120 ueras
798 4066 831 4120 et
851 4056 1034 4139 primitiuas
1052 4057 1088 4120 in
1106 4057 1243 4121 Vossia-

206 4179 258 4244 nis
281 4175 464 4261 corrigendi
485 4174 622 4240 libidine
645 4185 786 4239 mutatas
808 4186 865 4238 aut
886 4177 1071 4240 obscuratas
1093 4179 1244 4244 seruauit
