2994 4884
272 388 309 446 14
694 385 748 446 14,
771 384 883 433 13-14

269 555 329 617 uili
352 554 505 638 suptilius
521 576 620 637 quam
642 553 762 617 ceteri?
783 576 860 616 nam
880 577 899 616 a
918 553 1023 637 primo
1046 565 1192 639 tempore
1216 569 1315 620 aeta·

269 658 311 721 tis
332 657 398 720 iuri
420 658 550 730 studere
573 669 604 721 te
627 657 775 735 memini,
802 679 901 739 quom
927 657 996 741 ipse
1019 659 1118 721 etiam
1140 660 1183 722 ad
1206 659 1314 724 Scae-

269 762 379 824 uolam
402 760 606 839 uentitarem,
631 783 738 843 neque
760 782 918 842 umquam
940 761 1023 825 mihi
1045 761 1136 824 uisus
1155 783 1190 825 es
1211 762 1262 826 ita
1278 775 1313 827 te

269 863 310 925 ad
333 863 510 926 dicendum
533 864 667 942 dedisse,
693 874 730 926 ut
751 863 803 926 ius
826 863 925 926 ciuile
948 877 1182 929 contemneres.

238 986 250 1025 s
332 967 482 1029 Murcus.
519 968 560 1029 In
587 967 725 1050 longum
751 988 935 1032 sermonem
964 990 1016 1030 me
1043 989 1155 1047 uocas,
1183 969 1309 1049 Attice,

268 1091 366 1152 quem
388 1080 506 1148 tamen,
531 1070 596 1132 nisi
611 1069 757 1136 Quintus
772 1069 862 1132 aliud
878 1070 958 1152 quid
972 1092 1032 1134 nos
1047 1092 1141 1154 agere
1160 1072 1308 1151 mauult,

267 1171 450 1255 suscipiam,
476 1184 517 1251 et,
542 1173 697 1256 quoniam
720 1173 818 1235 uacui
840 1194 960 1250 sumus,
987 1172 1101 1236 dicam.

332 1275 491 1342 varvs.
527 1277 597 1360 Ego
625 1297 703 1339 uero
731 1275 873 1340 libenter
900 1275 1074 1354 audierim;
1103 1276 1183 1359 quid
1212 1278 1308 1342 enim

268 1400 361 1463 agam
383 1379 491 1462 potius
514 1388 571 1441 aut
592 1379 628 1440 in
644 1401 708 1460 quo
728 1379 845 1442 melius
867 1380 958 1442 hunc
980 1401 1172 1453 consumam
1193 1381 1309 1445 diem‘l

225 1497 249 1537 10
331 1483 482 1545 Muscvs.
514 1481 605 1548 Quin
627 1481 728 1566 igitur
751 1482 792 1544 ad
813 1481 871 1544 illa
892 1482 997 1565 spatia
1017 1494 1127 1546 nostra
1142 1484 1307 1567 sedesque
1321 1495 1354 1548 14

266 1585 441 1668 pergimus,
464 1584 530 1662 ubi,
553 1606 630 1646 cum
644 1585 721 1648 satis
737 1585 798 1648 erit
813 1586 1025 1664 ambulatum,
1043 1585 1305 1668 requiescemus,

266 1709 328 1750 nec
350 1686 496 1770 profecto
518 1687 612 1750 nobis
635 1687 806 1751 delectatio
830 1688 914 1751 derit
936 1687 1027 1751 aliud
1049 1709 1090 1751 ex
1112 1688 1176 1752 ulio
1200 1711 1307 1772 quae-

266 1789 424 1852 rentibus.

331 1895 483 1956 Armovs
515 1893 583 1955 Nos
600 1915 677 1955 uero
695 1904 727 1956 et
740 1893 802 1956 hac
819 1893 952 1976 quidem
967 1894 1009 1956 ad
1023 1893 1134 1957 Lirem
1149 1893 1177 1956 si
1191 1894 1307 1976 placet

272 2201 453 2262 Quintilianus
472 2201 537 2255 dicit
559 2201 688 2268 (iactor.
706 2204 728 2266 1,
745 2204 769 2266 4,
786 2203 830 2266 11)
855 2200 981 2254 Ciceroni
1000 2200 1138 2272 placuisse
1156 2199 1212 2254 ciio
1231 2201 1306 2256 Mai·

268 2286 376 2356 iamque
395 2286 533 2356 geminata
550 2286 560 2339 i
579 2287 707 2341 scribere.
810 2289 822 2338 1
843 2284 974 2356 supulrus
989 2288 1035 2340 sed
1052 2286 1101 2341 sub
1120 2306 1181 2342 corr
1193 2291 1222 2342 A
1241 2288 1305 2344 lub-

265 2388 346 2443 ullus
359 2391 423 2445 BH
523 2407 607 2470 ceteri
625 2389 792 2444 Heiusianus
810 2387 982 2458 ceterisAB
1086 2366 1151 2445 nani
1166 2393 1193 2444 A
1211 2467 1224 2492 v

267 2495 282 2544 2
302 2510 378 2546 run*
390 2493 460 2563 [suit
477 2493 555 2559 ruris)
578 2495 605 2546 A
709 2509 817 2546 memrm
834 2511 896 2547 corr
913 2510 1024 2546 mem1m
1040 2495 1068 2546 A
1172 2510 1257 2563 quom
1273 2498 1305 2549 A

266 2601 299 2649 cu
311 2598 339 2650 Β
358 2612 419 2649 cum
437 2613 499 2649 corr
516 2572 623 2666 ioquin
638 2596 733 2650 deinde
750 2596 870 2650 radendo
889 2597 1011 2667 effectum
1022 2613 1079 2665 qun
1096 2597 1147 2663 (sic)
1164 2599 1201 2651 H

267 2697 403 2753 sceuolam
420 2701 484 2754 AH
498 2665 621 2752 ieuolam
638 2702 667 2754 B
800 2700 814 2749 3
833 2673 965 2772 ιιεητιῗατέ
983 2701 1011 2752 A
1028 2703 1172 2754 uennrar'a
1189 2702 1238 2755 sed
1255 2704 1304 2756 ure

266 2802 325 2838 corr
339 2803 376 2857 pr
394 2787 421 2839 B
439 2791 581 2838 densitare
596 2786 632 2839 H
727 2786 743 2835 4
761 2783 948 2838 contemnens
962 2801 1022 2837 corr
1040 2784 1070 2839 el'
1084 2787 1140 2840 AB
1158 2802 1304 2857 contemp·

266 2870 347 2925 neres
370 2875 397 2937 (e
415 2876 478 2925 ante
496 2870 509 2924 s
524 2870 553 2924 ia
570 2888 616 2923 ras
634 2874 704 2935 corr)
727 2872 762 2922 H
891 2871 907 2920 5
932 2869 1085 2924 sermonum
1107 2888 1169 2924 corr
1191 2890 1255 2925 nem
1272 2875 1303 2926 A

368 2948 511 3028 mereuocas
520 2975 556 3027 H
656 2976 671 3025 6
689 2971 823 3042 qumsrul'
831 2974 859 3025 A
873 2946 989 3042 qurdtul
997 2976 1025 3027 B
1040 2973 1157 3043 qurntus
1164 2976 1201 3028 H

266 3043 337 3145 obul
351 3079 387 3131 H
497 3094 561 3146 quit
579 3093 637 3129 corr
655 3075 721 3144 quid
738 3078 767 3128 A
884 3049 1005 3145 ldriam
1022 3078 1058 3129 H
1081 3139 1084 3144 ³
1170 3080 1185 3129 9
1203 3076 1307 3133 mehul'

271 3162 294 3219 ll
312 3163 341 3216 io
359 3181 405 3215 ras
423 3166 496 3227 corr)
518 3164 555 3216 H
663 3160 844 3231 consummem
860 3161 1029 3215 Heiooianus
1047 3161 1173 3216 confirma
1190 3163 1218 3215 A
1236 3180 1302 3216 con-

266 3246 369 3301 summa
381 3250 409 3301 Β
506 3250 538 3299 10
557 3246 628 3300 (lum
645 3265 708 3300 corr
719 3245 794 3304 Quin
806 3248 843 3300 H
933 3245 1022 3317 spana
1033 3249 1069 3300 H
1083 3247 1173 3318 spacm
1184 3250 1213 3301 A

266 3348 365 3403 adillas
379 3367 457 3420 pacra
474 3354 502 3405 B
620 3351 648 3400 11
669 3348 779 3420 pgrmus
792 3351 829 3403 H
842 3324 948 3419 pergin]
966 3352 994 3404 Β
1011 3350 1159 3420 pergamus
1172 3353 1220 3406 sed
1237 3369 1253 3405 a
1270 3359 1302 3406 ut

266 3452 374 3506 uidetur
392 3454 491 3506 corrA
575 3416 808 3505 diambularumH
892 3428 1250 3525 mdei1tABH,qf.p.7‚
1267 3458 1300 3509 10
1382 3445 1385 3455 ⁸

352 3554 423 3608 aliut
443 3557 471 3610 Β
575 3554 729 3624 querentib,
745 3556 812 3620 AH,
831 3572 883 3633 que
897 3575 959 3610 corr
970 3558 998 3611 Β
1092 3521 1173 3610 unae
1185 3559 1213 3612 B

265 3640 301 3693 ad
313 3639 406 3695 Lirem
417 3643 523 3696 Baletus
543 3640 646 3695 adrrem
657 3643 713 3695 AB
732 3639 807 3693 edne
819 3641 988 3696 Heinsianus
994 3661 1002 3706 ;
1023 3642 1071 3696 illo
1084 3641 1120 3695 ad
1131 3641 1225 3697 Lirem
1236 3645 1300 3698 υπέ-

265 3744 339 3780 uerso
357 3726 430 3797 reqio
449 3727 624 3798 sipnificatur,
640 3727 683 3779 cui
700 3727 834 3780 commode
855 3727 1033 3782 sollicitentur
1051 3731 1123 3794 baec,
1144 3728 1238 3799 quobus
1254 3749 1300 3785 ac·

265 3813 384 3866 curatius
411 3813 458 3866 uio
480 3812 640 3884 desiqnetur,
667 3829 716 3882 per
739 3812 826 3883 ripam
851 3820 878 3866 et
898 3815 1037 3878 umbram;
1058 3821 1083 3868 et
1100 3814 1193 3869 Lirem
1212 3816 1299 3871 norni-

264 3898 328 3951 nart'
342 3917 402 3951 cum
416 3903 509 3969 aptum
530 3900 566 3952 su
579 3904 694 3968 propter
711 3898 799 3969 ripam
817 3905 871 3954 tum
887 3918 972 3970 prope
990 3901 1169 3954 necessarium
1184 3906 1300 3971 proptor

264 4002 295 4038 eo
308 4002 373 4054 quae
391 3985 420 4037 in
433 3986 573 4054 prooemio
591 3987 699 4039 secundi
716 3986 782 4039 libri
794 3988 816 4049 1,
834 3988 845 4037 1
861 3986 996 4040 abeodem
1007 3987 1097 4040 Attico
1115 3987 1250 4052 dicuntur,
1267 3986 1298 4043 iu

263 4070 393 4135 Fibreno,
414 4089 477 4124 nam
493 4070 590 4141 opinor
605 4071 635 4125 id
653 4070 695 4124 illi
713 4069 792 4126 alteri
810 4070 917 4125 flumini
934 4090 1034 4126 nomen
1049 4078 1098 4137 est,
1114 4092 1180 4142 quae
1194 4074 1243 4128 uie
1254 4092 1297 4128 sa·

265 4157 300 4210 tis
316 4162 377 4226 apte
396 4157 452 4210 dici
468 4157 619 4223 uideantur,
637 4175 769 4227 nusquam
781 4158 811 4211 iu
824 4158 1005 4228 superioribus
1017 4158 1126 4212 alterius
1139 4159 1236 4222 amnis,
1250 4159 1300 4230 qui
