2940 4890
321 338 363 398 74
791 337 855 398 112,
876 338 891 386 5

321 507 471 590 patriast
500 529 543 569 an
573 517 620 569 est
649 529 716 569 una
744 506 801 571 illa
829 507 935 590 patria
957 506 1162 570 communis?
1190 508 1254 571 nisi
1277 508 1365 571 forte

323 610 468 694 sapienti
482 609 532 671 illi
547 610 664 673 Catoni
679 609 744 673 fuit
757 610 862 693 patria
876 632 943 673 non
958 610 1071 687 Roma,
1094 611 1150 673 sed
1165 612 1362 674 Tusculum.

391 715 542 777 Murcus.
574 714 643 797 Ego
662 736 714 777 me
736 713 869 776 hercule
892 723 925 776 et
947 713 997 775 illi
1020 723 1053 776 et
1074 713 1226 777 omnibus
1249 714 1364 777 muni-

326 817 456 901 cipibus
486 817 566 879 duas
594 837 662 879 esse
691 839 806 880 censeo
827 816 956 900 patrias,
982 837 1082 878 unam
1104 826 1252 895 naturae,
1280 817 1330 880 ult
1348 853 1364 863 -

294 937 397 983 eram
421 919 571 982 ciuitatis.
603 930 640 982 ut
661 919 717 982 ille
741 920 829 997 Cato,
861 941 960 1002 quom
989 930 1072 983 esset
1093 919 1229 982 Tusculi
1250 930 1359 999 natus,

325 1024 362 1086 in
392 1022 506 1106 populi
529 1022 670 1085 Romani
701 1022 869 1086 ciuitatem
898 1033 1067 1106 susceptus
1094 1033 1149 1100 est,
1179 1023 1233 1101 ita,
1260 1045 1363 1106 quom

326 1136 401 1190 ortu
416 1125 623 1189 Tusculanus
639 1137 729 1204 esset,
748 1125 881 1189 ciuitate
897 1126 1073 1203 Romanus,
1090 1125 1208 1189 habuit
1222 1125 1362 1189 alteram

326 1229 392 1292 loci
413 1228 561 1311 patriam,
587 1228 723 1291 alteram
744 1228 833 1306 iuris,
858 1239 896 1291 ut
911 1228 1011 1292 uestri
1026 1228 1136 1305 Attici,
1153 1228 1244 1311 prius
1260 1251 1362 1312 quam

326 1332 473 1395 Theseus
496 1352 549 1394 eos
572 1331 752 1416 demigrare
775 1354 816 1394 ex
839 1331 923 1416 agris
946 1343 978 1394 et
1006 1331 1043 1394 in
1071 1341 1150 1408 astu,
1184 1333 1273 1414 quod
1301 1354 1361 1417 ap-

285 1449 311 1490 10
328 1434 478 1518 pellatur,
505 1433 609 1496 omnis
632 1456 665 1497 se
688 1435 834 1498 conferre
857 1436 911 1518 [se]
930 1434 1031 1511 iussit,
1050 1445 1082 1497 et
1096 1433 1148 1496 sui
1163 1446 1256 1498 erunt
1271 1435 1362 1500 idem

328 1704 434 1762 hebrus
452 1711 495 1770 (nu
514 1706 625 1776 antique
642 1725 723 1760 manu
741 1708 966 1777 superscriptum
987 1682 1040 1776 rid*
1054 1705 1154 1761 duali*
1167 1702 1270 1762 curren
1282 1710 1362 1778 quid·

329 1790 413 1855 ualrs3
435 1792 547 1861 electique
564 1791 670 1846 hebrus
685 1798 816 1848 mutatum
834 1793 863 1845 in
880 1791 1000 1858 habeus)
1018 1798 1044 1848 A
1056 1796 1134 1847 uiam
1146 1793 1214 1862 quid
1230 1793 1283 1848 uos
1294 1795 1366 1849 dual'

329 1875 439 1931 habeus
457 1876 624 1933 Heinsiunue
647 1879 783 1931 uestrum?
806 1878 891 1948 quid?
915 1878 984 1932 duas
1008 1897 1058 1933 uos
1082 1879 1188 1933 habetis
1212 1881 1362 1941 Halmius,-

314 1965 376 2019 ecd
392 1961 526 2032 numquid
543 1962 647 2016 iniuria
665 1965 810 2033 spernitur,
827 1965 895 2034 quod
907 1965 999 2033 aptius
1017 1954 1146 2035 eet'quam
1158 1965 1226 2035 quid
1237 1971 1303 2035 poet
1317 1966 1363 2020 in-

331 2049 538 2118 terroputionem
550 2050 663 2102 alterurn
676 2048 756 2118 quale
775 2056 817 2104 est
835 2049 950 2116 illatum,
965 2055 990 2103 et
1002 2068 1052 2104 uos
1065 2050 1168 2104 nullum
1180 2051 1361 2122 habetfim,

329 2137 355 2189 si
372 2122 478 2204 quidem
493 2134 661 2188 Heinsiunue
678 2136 822 2205 manifesto
841 2141 975 2189 correctus
992 2141 1039 2200 eet,
1060 2134 1153 2190 dualis
1167 2141 1255 2190 autern
1273 2155 1364 2208 uppa-

330 2237 456 2293 retunde
474 2243 562 2291 ortum
579 2238 615 2292 sit
632 2238 782 2308 insequente
800 2237 912 2292 habens
1032 2242 1042 2290 l
1063 2231 1218 2309 parr1al'ane
1236 2246 1251 2292 e
1270 2243 1298 2294 Β
1314 2259 1363 2312 pa-

329 2321 504 2378 rrrasranne·
526 2321 547 2388 (s
563 2343 576 2376 e
594 2343 663 2388 corr,
677 2325 740 2393 fuit
757 2342 849 2395 patria
868 2322 931 2378 sene
949 2327 971 2390 el
990 2327 1018 2378 A
1036 2322 1187 2395 pamellan
1204 2327 1219 2377 ἔ
1238 2327 1273 2379 Η

330 2428 427 2480 perrea
445 2428 506 2465 corr
522 2426 564 2462 rra
581 2412 609 2463 Β
712 2408 861 2463 commhnrs
876 2413 903 2464 B
1007 2412 1021 2461 3
1040 2407 1210 2475 mehercules
1228 2412 1254 2476 sb
1272 2418 1364 2468 rnuta-

331 2501 386 2548 tum
404 2496 433 2548 in
451 2495 476 2562 hl
491 2498 517 2550 Β
621 2498 637 2547 4
655 2493 749 2549 caense
767 2492 892 2564 oparnas
908 2515 970 2550 corr
988 2494 1226 2566 ceenl'eorparnas
1235 2499 1263 2550 B

330 2600 412 2635 unam
433 2589 562 2646 naturae,
583 2579 696 2635 alteram
714 2580 834 2634 ciuitatis
855 2582 1000 2636 deteriores
1014 2589 1076 2658 *unit
1092 2600 1219 2637 naturam
1238 2585 1367 2640 crurtarrl'

331 2686 424 2738 ΑΒΗ
534 2659 650 2761 bimum
672 2682 714 2737 est
733 2685 761 2737 B
783 2691 915 2753 quomre*
934 2690 958 2739 A
977 2659 1143 2739 cilinestH
1222 2692 1364 2744 essetAe-

332 2787 456 2841 eeneiuua
566 2792 581 2841 6
600 2805 641 2841 rra
656 2788 755 2852 ΑΒΗ,
776 2789 846 2856 quod
862 2806 954 2841 uerum
972 2793 1025 2855 eet,
1046 2807 1205 2859 quamquam
1223 2808 1275 2844 non
1293 2798 1365 2846 recte

333 2873 485 2942 explicatur
502 2874 530 2928 in
548 2873 659 2927 Hendii
680 2872 830 2926 Tursellino
849 2874 864 2923 3
879 2893 909 2944 p.
922 2877 985 2935 471;
1007 2875 1218 2943 ceresequentiern
1237 2877 1308 2930 enim
1320 2879 1364 2931 de-

331 2958 423 3029 eipnut
440 2962 522 3023 (uelut
539 2960 571 3012 de
587 2978 624 3012 or.
641 2962 663 3023 1,
681 2960 720 3023 18,
736 2959 783 3021 833
807 2961 830 3023 1,
848 2961 890 3024 34,
908 2962 963 3023 154)
981 2978 1064 3029 neque
1081 2960 1170 3028 inepte
1187 2961 1216 3014 in
1233 2963 1285 3016 huc
1303 2981 1365 3017 oru-

332 3060 402 3114 tione
415 3062 538 3130 superior
551 3061 680 3115 sententia
692 3060 822 3130 repetitur
836 3065 925 3131 (quom
937 3065 1007 3127 ortu)
1112 3038 1195 3140 qiihnin
1210 3063 1292 3118 ortus
1305 3064 1365 3119 rul-

331 3150 428 3217 sulani>
441 3167 493 3228 (οη
505 3182 565 3218 corr
577 3169 602 3217 et
615 3162 628 3216 s
638 3165 697 3228 add,
712 3151 748 3217 ni)
760 3169 889 3218 mutatum
902 3185 933 3219 erc
945 3170 1024 3230 nulA
1035 3141 1121 3244 iluum
1133 3133 1203 3220 orni
1216 3167 1365 3224 rulculcno

331 3266 359 3317 B
377 3282 438 3318 cum
455 3283 519 3319 ortu
537 3264 701 3320 tusculanus
717 3264 774 3321 (rus
789 3266 818 3320 in
837 3268 927 3333 litura)
943 3269 1110 3323 Heinsiunus
1216 3274 1230 3321 7
1250 3271 1364 3325 ciuitate

332 3350 472 3404 Romanus
497 3352 640 3405 deteriores
663 3369 806 3405 ciuitatem
824 3370 926 3406 romam
944 3357 971 3408 B
989 3362 1106 3409 munere
1124 3373 1227 3408 romam
1247 3358 1283 3409 H
1296 3373 1364 3410 crui-

329 3452 391 3488 rare
413 3443 488 3489 rome
512 3439 557 3490 sed
582 3456 642 3489 corr
660 3443 775 3490 cruirarc
794 3442 821 3491 A
943 3443 958 3491 9
982 3457 1028 3493 eos
1047 3440 1200 3511 demigrare
1219 3442 1363 3496 Manutius

332 3518 451 3590 eosldem
473 3538 591 3589 mrgrare
609 3526 673 3577 ΒΗ
692 3520 771 3576 eosde
789 3539 906 3591 migrare
923 3529 950 3578 A
1074 3527 1100 3579 e
1117 3533 1129 3579 ῑ
1148 3524 1208 3580 esru
1227 3529 1252 3592 (ἵ
1269 3527 1298 3580 in
1316 3547 1364 3582 rue

332 3610 404 3670 corr>
425 3608 461 3659 H
570 3607 707 3677 apellatur
725 3610 753 3661 Β
874 3611 904 3661 10
923 3609 1011 3664 omms
1029 3610 1120 3676 (orius)
1146 3609 1172 3664 se
1191 3612 1317 3666 conferre
1335 3611 1363 3666 t'e

332 3689 412 3744 rulhr
424 3694 521 3756 ΑΒΗ,
541 3693 655 3747 alterurn
674 3711 703 3747 se
721 3713 763 3747 om
775 3696 956 3760 Monacensis,
973 3696 1054 3765 prius
1072 3697 1125 3751 clii
1141 3717 1184 3751 om
1271 3705 1299 3752 et
1312 3697 1363 3752 Su-

331 3777 371 3831 nii
389 3785 466 3831 erant
484 3777 567 3831 iidem
586 3785 613 3831 et
629 3778 715 3833 Attici
727 3781 763 3832 R.
779 3779 929 3847 Stephanus
947 3789 974 3834 et
992 3782 1034 3835 sui
1053 3789 1131 3837 erant
1148 3783 1220 3837 idem
1237 3792 1265 3839 et
1276 3784 1369 3838 Auiei,

333 3863 493 3936 Maduipiue
506 3864 585 3932 (Opp.
602 3866 698 3930 2,146)
718 3866 742 3918 δι
762 3864 906 3935 symfrenu
925 3867 1049 3922 demetur
1065 3866 1131 3922 nell
1141 3871 1169 3922 Β
1180 3870 1205 3922 8c
1221 3868 1364 3923 simferan-

331 3947 419 4002 udem
436 3950 460 4002 ἃ
479 3945 577 4001 amors
592 3936 665 4016 lfuit
680 3955 710 4002 ut
726 3951 834 4003 uidetur
850 3948 1000 4019 hmlerant)
1019 3958 1046 4009 A
1065 3954 1090 4007 e
1109 3952 1320 4024 symfranudem
1336 3955 1364 4009 8c

333 4032 430 4088 eurers
447 4037 480 4088 H
483 4056 492 4093 ,·
515 4034 597 4100 [tenui
613 4051 692 4103 quam
716 4040 795 4088 antea
818 4043 921 4090 secutur
941 4057 1014 4092 erum
1032 4040 1177 4109 Maduipii
1193 4040 1360 4106 sententiam,

335 4137 495 4190 quampiam
513 4122 588 4192 lonpc
606 4122 685 4174 aliter
703 4122 735 4174 de
754 4125 807 4174 toto
826 4123 881 4174 loeo
899 4123 1018 4178 iudicare
1035 4125 1113 4178 uideo
1130 4128 1193 4179 Em.
1212 4127 1364 4197 Hoffman-
