<?xml version="1.0" encoding="UTF-8"?>
<!DOCTYPE html PUBLIC "-//W3C//DTD XHTML 1.0 Transitional//EN"
    "http://www.w3.org/TR/xhtml1/DTD/xhtml1-transitional.dtd">
<html xmlns="http://www.w3.org/1999/xhtml" xml:lang="en" lang="en">
 <head>
  <title>
</title>
<meta http-equiv="Content-Type" content="text/html;charset=utf-8" />
  <meta name='ocr-system' content='tesseract 3.04.00' />
  <meta name='ocr-capabilities' content='ocr_page ocr_carea ocr_par ocr_line ocrx_word'/>
</head>
<body>
  <div class='ocr_page' id='page_1' title='image "./delegibuslibri00cicegoog_0041.png"; bbox 0 0 3030 4876; ppageno 0'>
   <div class='ocr_carea' id='block_1_1' title="bbox 546 370 1146 433">
    <p class='ocr_par' dir='ltr' id='par_1_1' title="bbox 546 370 1146 433">
     <span class='ocr_line' id='line_1_1' title="bbox 546 370 1146 433; baseline 0 -13"><span class='ocrx_word' id='word_1_1' title='bbox 546 370 600 433; x_wconf 88' lang='lat'>13,</span> <span class='ocrx_word' id='word_1_2' title='bbox 623 370 716 421; x_wconf 80' lang='lat' dir='ltr'>s-1o.</span> <span class='ocrx_word' id='word_1_3' title='bbox 1110 376 1146 433; x_wconf 85' lang='lat'>11</span> 
     </span>
    </p>
   </div>
   <div class='ocr_carea' id='block_1_2' title="bbox 56 538 1193 2579">
    <p class='ocr_par' dir='ltr' id='par_1_2' title="bbox 114 538 1149 824">
     <span class='ocr_line' id='line_1_2' title="bbox 114 538 1149 618; baseline 0.002 -15"><span class='ocrx_word' id='word_1_4' title='bbox 114 540 169 618; x_wconf 87' lang='lat' dir='ltr'>bit,</span> <span class='ocrx_word' id='word_1_5' title='bbox 195 538 342 603; x_wconf 89' lang='lat' dir='ltr'>incurret</span> <span class='ocrx_word' id='word_1_6' title='bbox 370 540 470 604; x_wconf 89' lang='lat' dir='ltr'>etiam</span> <span class='ocrx_word' id='word_1_7' title='bbox 496 541 533 603; x_wconf 90' lang='lat' dir='ltr'>in</span> <span class='ocrx_word' id='word_1_8' title='bbox 559 541 655 603; x_wconf 89' lang='lat' dir='ltr'>illum</span> <span class='ocrx_word' id='word_1_9' title='bbox 677 540 818 604; x_wconf 78' lang='lat' dir='ltr'>diuinum</span> <span class='ocrx_word' id='word_1_10' title='bbox 845 552 878 604; x_wconf 88' lang='lat' dir='ltr'>et</span> <span class='ocrx_word' id='word_1_11' title='bbox 904 540 1149 606; x_wconf 84' lang='lat' dir='ltr'>memorabilem</span> 
     </span>
     <span class='ocr_line' id='line_1_3' title="bbox 114 644 1149 727; baseline 0.003 -22"><span class='ocrx_word' id='word_1_12' title='bbox 114 664 242 706; x_wconf 90' lang='lat' dir='ltr'>annum</span> <span class='ocrx_word' id='word_1_13' title='bbox 267 664 378 705; x_wconf 86' lang='lat' dir='ltr'>suum:</span> <span class='ocrx_word' id='word_1_14' title='bbox 408 666 491 726; x_wconf 89' lang='lat' dir='ltr'>quae</span> <span class='ocrx_word' id='word_1_15' title='bbox 518 646 558 708; x_wconf 93' lang='lat' dir='ltr'>ab</span> <span class='ocrx_word' id='word_1_16' title='bbox 584 645 646 708; x_wconf 91' lang='lat' dir='ltr'>isto</span> <span class='ocrx_word' id='word_1_17' title='bbox 669 644 755 708; x_wconf 94' lang='lat' dir='ltr'>malo</span> <span class='ocrx_word' id='word_1_18' title='bbox 777 644 958 727; x_wconf 88' lang='lat' dir='ltr'>praedicari</span> <span class='ocrx_word' id='word_1_19' title='bbox 981 667 1087 727; x_wconf 84' lang='lat' dir='ltr'>quam,</span> <span class='ocrx_word' id='word_1_20' title='bbox 1113 656 1149 708; x_wconf 90' lang='lat' dir='ltr'>ut</span> 
     </span>
     <span class='ocr_line' id='line_1_4' title="bbox 114 746 639 824; baseline 0.004 -16"><span class='ocrx_word' id='word_1_21' title='bbox 114 746 216 824; x_wconf 81' lang='lat' dir='ltr'>aiunt,</span> <span class='ocrx_word' id='word_1_22' title='bbox 243 746 283 809; x_wconf 88' lang='lat' dir='ltr'>de</span> <span class='ocrx_word' id='word_1_23' title='bbox 305 746 410 810; x_wconf 86' lang='lat' dir='ltr'>Remo</span> <span class='ocrx_word' id='word_1_24' title='bbox 434 758 466 811; x_wconf 91' lang='lat' dir='ltr'>et</span> <span class='ocrx_word' id='word_1_25' title='bbox 487 747 639 811; x_wconf 86' lang='lat' dir='ltr'>Romulo.</span> 
     </span>
    </p>

    <p class='ocr_par' dir='ltr' id='par_1_3' title="bbox 113 849 1191 1346">
     <span class='ocr_line' id='line_1_5' title="bbox 178 849 1150 934; baseline 0 -22"><span class='ocrx_word' id='word_1_26' title='bbox 178 849 331 912; x_wconf 68' lang='lat' dir='ltr'>Mnaovs.</span> <span class='ocrx_word' id='word_1_27' title='bbox 362 850 522 934; x_wconf 78' lang='lat' dir='ltr'>Intellego</span> <span class='ocrx_word' id='word_1_28' title='bbox 538 850 690 932; x_wconf 88' lang='lat' dir='ltr'>equidem</span> <span class='ocrx_word' id='word_1_29' title='bbox 706 872 725 912; x_wconf 92' lang='lat' dir='ltr'>a</span> <span class='ocrx_word' id='word_1_30' title='bbox 739 870 791 912; x_wconf 92' lang='lat' dir='ltr'>me</span> <span class='ocrx_word' id='word_1_31' title='bbox 808 849 909 912; x_wconf 87' lang='lat' dir='ltr'>istum</span> <span class='ocrx_word' id='word_1_32' title='bbox 922 850 1068 914; x_wconf 88' lang='lat' dir='ltr'>laborem</span> <span class='ocrx_word' id='word_1_33' title='bbox 1083 850 1150 913; x_wconf 88' lang='lat' dir='ltr'>iam</span> 
     </span>
     <span class='ocr_line' id='line_1_6' title="bbox 115 950 1191 1036; baseline 0.001 -23"><span class='ocrx_word' id='word_1_34' title='bbox 115 951 173 1013; x_wconf 94' lang='lat' dir='ltr'>diu</span> <span class='ocrx_word' id='word_1_35' title='bbox 195 950 362 1035; x_wconf 90' lang='lat' dir='ltr'>postulari,</span> <span class='ocrx_word' id='word_1_36' title='bbox 386 952 508 1016; x_wconf 84' lang='lat' dir='ltr'>Attice:</span> <span class='ocrx_word' id='word_1_37' title='bbox 533 975 632 1036; x_wconf 90' lang='lat' dir='ltr'>quem</span> <span class='ocrx_word' id='word_1_38' title='bbox 651 974 719 1015; x_wconf 92' lang='lat' dir='ltr'>non</span> <span class='ocrx_word' id='word_1_39' title='bbox 739 973 930 1030; x_wconf 81' lang='lat' dir='ltr'>recusarem,</span> <span class='ocrx_word' id='word_1_40' title='bbox 949 951 977 1015; x_wconf 90' lang='lat' dir='ltr'>si</span> <span class='ocrx_word' id='word_1_41' title='bbox 997 953 1079 1015; x_wconf 92' lang='lat' dir='ltr'>mihi</span> <span class='ocrx_word' id='word_1_42' title='bbox 1096 955 1149 1016; x_wconf 94' lang='lat' dir='ltr'>ul·</span> <span class='ocrx_word' id='word_1_43' title='bbox 1179 975 1191 1014; x_wconf 85' lang='lat'><strong>5</strong></span> 
     </span>
     <span class='ocr_line' id='line_1_7' title="bbox 113 1053 1150 1138; baseline 0.003 -22"><span class='ocrx_word' id='word_1_44' title='bbox 113 1054 186 1117; x_wconf 92' lang='lat' dir='ltr'>lum</span> <span class='ocrx_word' id='word_1_45' title='bbox 200 1053 399 1118; x_wconf 86' lang='lat' dir='ltr'>tribueretur</span> <span class='ocrx_word' id='word_1_46' title='bbox 413 1077 557 1118; x_wconf 90' lang='lat' dir='ltr'>uacuum</span> <span class='ocrx_word' id='word_1_47' title='bbox 572 1066 701 1138; x_wconf 90' lang='lat' dir='ltr'>tempus</span> <span class='ocrx_word' id='word_1_48' title='bbox 717 1065 750 1118; x_wconf 97' lang='lat' dir='ltr'>et</span> <span class='ocrx_word' id='word_1_49' title='bbox 764 1054 918 1132; x_wconf 89' lang='lat' dir='ltr'>liberum;</span> <span class='ocrx_word' id='word_1_50' title='bbox 937 1077 1044 1138; x_wconf 90' lang='lat' dir='ltr'>neque</span> <span class='ocrx_word' id='word_1_51' title='bbox 1061 1057 1150 1120; x_wconf 91' lang='lat' dir='ltr'>enim</span> 
     </span>
     <span class='ocr_line' id='line_1_8' title="bbox 115 1157 1150 1243; baseline 0.001 -23"><span class='ocrx_word' id='word_1_52' title='bbox 115 1168 274 1240; x_wconf 87' lang='lat' dir='ltr'>occupata</span> <span class='ocrx_word' id='word_1_53' title='bbox 296 1179 393 1240; x_wconf 89' lang='lat' dir='ltr'>opera</span> <span class='ocrx_word' id='word_1_54' title='bbox 415 1180 522 1241; x_wconf 90' lang='lat' dir='ltr'>neque</span> <span class='ocrx_word' id='word_1_55' title='bbox 544 1158 692 1242; x_wconf 90' lang='lat' dir='ltr'>inpedito</span> <span class='ocrx_word' id='word_1_56' title='bbox 715 1157 824 1221; x_wconf 90' lang='lat' dir='ltr'>animo</span> <span class='ocrx_word' id='word_1_57' title='bbox 847 1180 898 1222; x_wconf 87' lang='lat' dir='ltr'>res</span> <span class='ocrx_word' id='word_1_58' title='bbox 918 1169 1009 1221; x_wconf 85' lang='lat' dir='ltr'>tanta</span> <span class='ocrx_word' id='word_1_59' title='bbox 1028 1159 1150 1243; x_wconf 82' lang='lat' dir='ltr'>suscipi</span> 
     </span>
     <span class='ocr_line' id='line_1_9' title="bbox 114 1263 1148 1346; baseline 0 -23"><span class='ocrx_word' id='word_1_60' title='bbox 114 1269 234 1343; x_wconf 89' lang='lat' dir='ltr'>potest:</span> <span class='ocrx_word' id='word_1_61' title='bbox 263 1270 440 1343; x_wconf 91' lang='lat' dir='ltr'>utrumque</span> <span class='ocrx_word' id='word_1_62' title='bbox 463 1283 545 1344; x_wconf 92' lang='lat' dir='ltr'>opus</span> <span class='ocrx_word' id='word_1_63' title='bbox 568 1271 624 1340; x_wconf 81' lang='lat' dir='ltr'>est,</span> <span class='ocrx_word' id='word_1_64' title='bbox 649 1271 683 1324; x_wconf 90' lang='lat' dir='ltr'>et</span> <span class='ocrx_word' id='word_1_65' title='bbox 706 1282 783 1323; x_wconf 91' lang='lat' dir='ltr'>cura</span> <span class='ocrx_word' id='word_1_66' title='bbox 806 1283 922 1324; x_wconf 86' lang='lat' dir='ltr'>uacare</span> <span class='ocrx_word' id='word_1_67' title='bbox 950 1272 982 1324; x_wconf 97' lang='lat' dir='ltr'>et</span> <span class='ocrx_word' id='word_1_68' title='bbox 1007 1263 1148 1346; x_wconf 87' lang='lat' dir='ltr'>negotio.</span> 
     </span>
    </p>

    <p class='ocr_par' dir='ltr' id='par_1_4' title="bbox 70 1363 1193 1633">
     <span class='ocr_line' id='line_1_10' title="bbox 70 1363 1149 1448; baseline 0.003 -23"><span class='ocrx_word' id='word_1_69' title='bbox 70 1383 91 1440; x_wconf 87' lang='lat'>9</span> <span class='ocrx_word' id='word_1_70' title='bbox 178 1364 331 1426; x_wconf 77' lang='lat' dir='ltr'>Arrrcva</span> <span class='ocrx_word' id='word_1_71' title='bbox 369 1363 459 1430; x_wconf 84' lang='lat' dir='ltr'>Quid</span> <span class='ocrx_word' id='word_1_72' title='bbox 474 1365 516 1427; x_wconf 92' lang='lat' dir='ltr'>ad</span> <span class='ocrx_word' id='word_1_73' title='bbox 531 1375 646 1442; x_wconf 86' lang='lat' dir='ltr'>cetera,</span> <span class='ocrx_word' id='word_1_74' title='bbox 665 1386 748 1447; x_wconf 91' lang='lat' dir='ltr'>quae</span> <span class='ocrx_word' id='word_1_75' title='bbox 764 1364 920 1448; x_wconf 91' lang='lat' dir='ltr'>scripsisti</span> <span class='ocrx_word' id='word_1_76' title='bbox 939 1365 1149 1448; x_wconf 88' lang='lat' dir='ltr'>pluraquam</span> 
     </span>
     <span class='ocr_line' id='line_1_11' title="bbox 115 1466 1193 1551; baseline 0.003 -24"><span class='ocrx_word' id='word_1_77' title='bbox 115 1466 288 1549; x_wconf 89' lang='lat' dir='ltr'>quisquam</span> <span class='ocrx_word' id='word_1_78' title='bbox 310 1488 328 1529; x_wconf 87' lang='lat' dir='ltr'>e</span> <span class='ocrx_word' id='word_1_79' title='bbox 349 1467 476 1545; x_wconf 87' lang='lat' dir='ltr'>nostris,</span> <span class='ocrx_word' id='word_1_80' title='bbox 503 1467 591 1549; x_wconf 92' lang='lat' dir='ltr'>quod</span> <span class='ocrx_word' id='word_1_81' title='bbox 612 1466 673 1530; x_wconf 90' lang='lat' dir='ltr'>tibi</span> <span class='ocrx_word' id='word_1_82' title='bbox 694 1467 828 1531; x_wconf 90' lang='lat' dir='ltr'>tandem</span> <span class='ocrx_word' id='word_1_83' title='bbox 850 1478 980 1551; x_wconf 91' lang='lat' dir='ltr'>tempus</span> <span class='ocrx_word' id='word_1_84' title='bbox 1005 1490 1149 1530; x_wconf 88' lang='lat' dir='ltr'>uacuum</span> <span class='ocrx_word' id='word_1_85' title='bbox 1168 1485 1193 1527; x_wconf 83' lang='lat'>10</span> 
     </span>
     <span class='ocr_line' id='line_1_12' title="bbox 113 1567 410 1633; baseline 0.003 -2"><span class='ocrx_word' id='word_1_86' title='bbox 113 1567 177 1632; x_wconf 88' lang='lat' dir='ltr'>fuit</span> <span class='ocrx_word' id='word_1_87' title='bbox 199 1572 410 1633; x_wconf 63' lang='lat' dir='ltr'>concessum?</span> 
     </span>
    </p>

    <p class='ocr_par' dir='ltr' id='par_1_5' title="bbox 113 1657 1192 2455">
     <span class='ocr_line' id='line_1_13' title="bbox 178 1657 1149 1756; baseline 0.003 -22"><span class='ocrx_word' id='word_1_88' title='bbox 178 1673 330 1735; x_wconf 75' lang='lat' dir='ltr'>Mlncvs.</span> <span class='ocrx_word' id='word_1_89' title='bbox 354 1657 527 1735; x_wconf 81' lang='lat' dir='ltr'>Subsiciua</span> <span class='ocrx_word' id='word_1_90' title='bbox 539 1673 699 1755; x_wconf 90' lang='lat' dir='ltr'>quaedam</span> <span class='ocrx_word' id='word_1_91' title='bbox 711 1683 857 1756; x_wconf 88' lang='lat' dir='ltr'>tempora</span> <span class='ocrx_word' id='word_1_92' title='bbox 868 1674 1051 1751; x_wconf 87' lang='lat' dir='ltr'>incurrunt,</span> <span class='ocrx_word' id='word_1_93' title='bbox 1066 1695 1149 1756; x_wconf 86' lang='lat' dir='ltr'>quae</span> 
     </span>
     <span class='ocr_line' id='line_1_14' title="bbox 115 1774 1150 1860; baseline -0.001 -21"><span class='ocrx_word' id='word_1_94' title='bbox 115 1797 174 1860; x_wconf 86' lang='lat' dir='ltr'>ego</span> <span class='ocrx_word' id='word_1_95' title='bbox 189 1774 295 1860; x_wconf 89' lang='lat' dir='ltr'>perire</span> <span class='ocrx_word' id='word_1_96' title='bbox 311 1797 379 1839; x_wconf 89' lang='lat' dir='ltr'>non</span> <span class='ocrx_word' id='word_1_97' title='bbox 393 1775 506 1858; x_wconf 87' lang='lat' dir='ltr'>patior,</span> <span class='ocrx_word' id='word_1_98' title='bbox 525 1786 570 1853; x_wconf 83' lang='lat' dir='ltr'>ut,</span> <span class='ocrx_word' id='word_1_99' title='bbox 584 1775 612 1838; x_wconf 86' lang='lat' dir='ltr'>si</span> <span class='ocrx_word' id='word_1_100' title='bbox 627 1775 684 1858; x_wconf 89' lang='lat' dir='ltr'>qui</span> <span class='ocrx_word' id='word_1_101' title='bbox 700 1775 768 1838; x_wconf 92' lang='lat' dir='ltr'>dies</span> <span class='ocrx_word' id='word_1_102' title='bbox 785 1776 826 1838; x_wconf 88' lang='lat' dir='ltr'>ad</span> <span class='ocrx_word' id='word_1_103' title='bbox 841 1776 1067 1840; x_wconf 86' lang='lat' dir='ltr'>rusticandum</span> <span class='ocrx_word' id='word_1_104' title='bbox 1083 1777 1150 1840; x_wconf 92' lang='lat' dir='ltr'>dati</span> 
     </span>
     <span class='ocr_line' id='line_1_15' title="bbox 114 1878 1151 1962; baseline 0 -21"><span class='ocrx_word' id='word_1_105' title='bbox 114 1879 188 1956; x_wconf 81' lang='lat' dir='ltr'>sint,</span> <span class='ocrx_word' id='word_1_106' title='bbox 214 1878 256 1940; x_wconf 86' lang='lat' dir='ltr'>ad</span> <span class='ocrx_word' id='word_1_107' title='bbox 278 1900 392 1941; x_wconf 91' lang='lat' dir='ltr'>eorum</span> <span class='ocrx_word' id='word_1_108' title='bbox 413 1899 589 1941; x_wconf 90' lang='lat' dir='ltr'>numerum</span> <span class='ocrx_word' id='word_1_109' title='bbox 612 1879 903 1942; x_wconf 90' lang='lat' dir='ltr'>adcommodentur</span> <span class='ocrx_word' id='word_1_110' title='bbox 929 1902 1011 1962; x_wconf 88' lang='lat' dir='ltr'>quae</span> <span class='ocrx_word' id='word_1_111' title='bbox 1036 1879 1151 1943; x_wconf 86' lang='lat' dir='ltr'>scribi-</span> 
     </span>
     <span class='ocr_line' id='line_1_16' title="bbox 115 1980 1192 2066; baseline 0.001 -23"><span class='ocrx_word' id='word_1_112' title='bbox 115 2003 201 2044; x_wconf 90' lang='lat' dir='ltr'>mus:</span> <span class='ocrx_word' id='word_1_113' title='bbox 231 1980 367 2044; x_wconf 88' lang='lat' dir='ltr'>historia</span> <span class='ocrx_word' id='word_1_114' title='bbox 394 2002 472 2044; x_wconf 90' lang='lat' dir='ltr'>uero</span> <span class='ocrx_word' id='word_1_115' title='bbox 499 2003 561 2044; x_wconf 91' lang='lat' dir='ltr'>nec</span> <span class='ocrx_word' id='word_1_116' title='bbox 588 1981 718 2045; x_wconf 90' lang='lat' dir='ltr'>institui</span> <span class='ocrx_word' id='word_1_117' title='bbox 744 1991 851 2065; x_wconf 90' lang='lat' dir='ltr'>potest</span> <span class='ocrx_word' id='word_1_118' title='bbox 873 1982 937 2045; x_wconf 92' lang='lat' dir='ltr'>nisi</span> <span class='ocrx_word' id='word_1_119' title='bbox 959 1993 1150 2066; x_wconf 87' lang='lat' dir='ltr'>praeparato</span> <span class='ocrx_word' id='word_1_120' title='bbox 1168 2003 1192 2044; x_wconf 81' lang='lat' dir='ltr'>rs</span> 
     </span>
     <span class='ocr_line' id='line_1_17' title="bbox 114 2084 1150 2169; baseline 0.001 -22"><span class='ocrx_word' id='word_1_121' title='bbox 114 2084 180 2148; x_wconf 92' lang='lat' dir='ltr'>otio</span> <span class='ocrx_word' id='word_1_122' title='bbox 203 2105 265 2147; x_wconf 86' lang='lat' dir='ltr'>nec</span> <span class='ocrx_word' id='word_1_123' title='bbox 285 2085 404 2168; x_wconf 83' lang='lat' dir='ltr'>exiguo</span> <span class='ocrx_word' id='word_1_124' title='bbox 424 2094 570 2167; x_wconf 90' lang='lat' dir='ltr'>tempore</span> <span class='ocrx_word' id='word_1_125' title='bbox 590 2084 729 2161; x_wconf 90' lang='lat' dir='ltr'>absolui;</span> <span class='ocrx_word' id='word_1_126' title='bbox 754 2096 787 2148; x_wconf 93' lang='lat' dir='ltr'>et</span> <span class='ocrx_word' id='word_1_127' title='bbox 806 2107 865 2169; x_wconf 90' lang='lat' dir='ltr'>ego</span> <span class='ocrx_word' id='word_1_128' title='bbox 886 2085 988 2148; x_wconf 88' lang='lat' dir='ltr'>animi</span> <span class='ocrx_word' id='word_1_129' title='bbox 1006 2086 1150 2169; x_wconf 89' lang='lat' dir='ltr'>pendere</span> 
     </span>
     <span class='ocr_line' id='line_1_18' title="bbox 113 2186 1151 2270; baseline 0.002 -21"><span class='ocrx_word' id='word_1_130' title='bbox 113 2187 219 2265; x_wconf 74' lang='lat' dir='ltr'>soleo,‘</span> <span class='ocrx_word' id='word_1_131' title='bbox 236 2208 313 2249; x_wconf 88' lang='lat' dir='ltr'>cum</span> <span class='ocrx_word' id='word_1_132' title='bbox 335 2186 436 2250; x_wconf 86' lang='lat' dir='ltr'>semel</span> <span class='ocrx_word' id='word_1_133' title='bbox 451 2186 531 2270; x_wconf 92' lang='lat' dir='ltr'>quid</span> <span class='ocrx_word' id='word_1_134' title='bbox 554 2208 644 2251; x_wconf 90' lang='lat' dir='ltr'>orsus</span> <span class='ocrx_word' id='word_1_135' title='bbox 666 2209 743 2265; x_wconf 79' lang='lat' dir='ltr'>aum,</span> <span class='ocrx_word' id='word_1_136' title='bbox 768 2187 795 2251; x_wconf 90' lang='lat' dir='ltr'>si</span> <span class='ocrx_word' id='word_1_137' title='bbox 818 2189 971 2253; x_wconf 88' lang='lat' dir='ltr'>traducor</span> <span class='ocrx_word' id='word_1_138' title='bbox 993 2188 1066 2266; x_wconf 88' lang='lat' dir='ltr'>alio,</span> <span class='ocrx_word' id='word_1_139' title='bbox 1091 2210 1151 2251; x_wconf 90' lang='lat' dir='ltr'>ne-</span> 
     </span>
     <span class='ocr_line' id='line_1_19' title="bbox 114 2289 1151 2373; baseline 0.003 -22"><span class='ocrx_word' id='word_1_140' title='bbox 114 2310 179 2371; x_wconf 93' lang='lat' dir='ltr'>que</span> <span class='ocrx_word' id='word_1_141' title='bbox 202 2297 271 2351; x_wconf 87' lang='lat' dir='ltr'>tam</span> <span class='ocrx_word' id='word_1_142' title='bbox 292 2289 387 2353; x_wconf 85' lang='lat' dir='ltr'>facile</span> <span class='ocrx_word' id='word_1_143' title='bbox 410 2289 594 2373; x_wconf 87' lang='lat' dir='ltr'>interrupta</span> <span class='ocrx_word' id='word_1_144' title='bbox 616 2300 754 2353; x_wconf 84' lang='lat' dir='ltr'>contexo</span> <span class='ocrx_word' id='word_1_145' title='bbox 778 2312 877 2372; x_wconf 89' lang='lat' dir='ltr'>quam</span> <span class='ocrx_word' id='word_1_146' title='bbox 899 2293 1032 2356; x_wconf 87' lang='lat' dir='ltr'>absoluo</span> <span class='ocrx_word' id='word_1_147' title='bbox 1054 2291 1151 2355; x_wconf 90' lang='lat' dir='ltr'>insti-</span> 
     </span>
     <span class='ocr_line' id='line_1_20' title="bbox 113 2402 195 2455; baseline -0.024 0"><span class='ocrx_word' id='word_1_148' title='bbox 113 2402 195 2455; x_wconf 90' lang='lat' dir='ltr'>tuta.</span> 
     </span>
    </p>

    <p class='ocr_par' dir='ltr' id='par_1_6' title="bbox 56 2495 1193 2579">
     <span class='ocr_line' id='line_1_21' title="bbox 56 2495 1193 2579; baseline 0.001 -22"><span class='ocrx_word' id='word_1_149' title='bbox 56 2519 103 2574; x_wconf 85' lang='lat'>10</span> <span class='ocrx_word' id='word_1_150' title='bbox 179 2497 331 2558; x_wconf 80' lang='lat' dir='ltr'>Arrrcvs</span> <span class='ocrx_word' id='word_1_151' title='bbox 363 2495 577 2579; x_wconf 87' lang='lat' dir='ltr'>Legationem</span> <span class='ocrx_word' id='word_1_152' title='bbox 604 2496 749 2578; x_wconf 89' lang='lat' dir='ltr'>aliquam</span> <span class='ocrx_word' id='word_1_153' title='bbox 775 2495 933 2559; x_wconf 91' lang='lat' dir='ltr'>nimirum</span> <span class='ocrx_word' id='word_1_154' title='bbox 959 2495 1021 2559; x_wconf 88' lang='lat' dir='ltr'>ista</span> <span class='ocrx_word' id='word_1_155' title='bbox 1047 2496 1150 2560; x_wconf 89' lang='lat' dir='ltr'>oratio</span> <span class='ocrx_word' id='word_1_156' title='bbox 1168 2517 1193 2558; x_wconf 81' lang='lat'>20</span> 
     </span>
    </p>
   </div>
   <div class='ocr_carea' id='block_1_3' title="bbox 112 2760 1153 3542">
    <p class='ocr_par' dir='ltr' id='par_1_7' title="bbox 112 2760 1153 3542">
     <span class='ocr_line' id='line_1_22' title="bbox 113 2760 1151 2856; baseline -0.001 -17"><span class='ocrx_word' id='word_1_157' title='bbox 113 2802 161 2839; x_wconf 77' lang='lat' dir='ltr'>mr</span> <span class='ocrx_word' id='word_1_158' title='bbox 183 2786 229 2838; x_wconf 78' lang='lat' dir='ltr'>aad</span> <span class='ocrx_word' id='word_1_159' title='bbox 249 2785 294 2839; x_wconf 77' lang='lat' dir='ltr'>brt</span> <span class='ocrx_word' id='word_1_160' title='bbox 306 2804 346 2854; x_wconf 81' lang='lat' dir='ltr'>pr</span> <span class='ocrx_word' id='word_1_161' title='bbox 369 2803 431 2839; x_wconf 87' lang='lat' dir='ltr'>corr</span> <span class='ocrx_word' id='word_1_162' title='bbox 450 2788 478 2841; x_wconf 91' lang='lat' dir='ltr'><strong><em>B</em></strong></span> <span class='ocrx_word' id='word_1_163' title='bbox 500 2760 669 2856; x_wconf 63' lang='lat' dir='ltr'>rnlufrrabir</span> <span class='ocrx_word' id='word_1_164' title='bbox 692 2788 728 2840; x_wconf 89' lang='lat' dir='ltr'><em>H</em></span> <span class='ocrx_word' id='word_1_165' title='bbox 859 2789 870 2837; x_wconf 90' lang='lat'>1</span> <span class='ocrx_word' id='word_1_166' title='bbox 895 2784 973 2838; x_wconf 83' lang='lat' dir='ltr'>illum</span> <span class='ocrx_word' id='word_1_167' title='bbox 997 2804 1027 2840; x_wconf 82' lang='lat' dir='ltr'>et</span> <span class='ocrx_word' id='word_1_168' title='bbox 1044 2787 1101 2842; x_wconf 91' lang='lat' dir='ltr'>AB</span> <span class='ocrx_word' id='word_1_169' title='bbox 1117 2785 1151 2839; x_wconf 90' lang='lat' dir='ltr'>1l-</span> 
     </span>
     <span class='ocr_line' id='line_1_23' title="bbox 112 2870 1152 2944; baseline 0 -18"><span class='ocrx_word' id='word_1_170' title='bbox 112 2870 174 2926; x_wconf 90' lang='lat' dir='ltr'>lum</span> <span class='ocrx_word' id='word_1_171' title='bbox 191 2873 227 2925; x_wconf 98' lang='lat' dir='ltr'><em>H</em></span> <span class='ocrx_word' id='word_1_172' title='bbox 344 2870 470 2925; x_wconf 87' lang='lat' dir='ltr'>diuinum</span> <span class='ocrx_word' id='word_1_173' title='bbox 487 2872 599 2926; x_wconf 78' lang='lat' dir='ltr'>addidi:</span> <span class='ocrx_word' id='word_1_174' title='bbox 619 2875 713 2941; x_wconf 81' lang='lat' dir='ltr'>confer</span> <span class='ocrx_word' id='word_1_175' title='bbox 731 2872 853 2944; x_wconf 74' lang='lat' dir='ltr'>Philipp.</span> <span class='ocrx_word' id='word_1_176' title='bbox 870 2874 916 2936; x_wconf 87' lang='grc'>13,</span> <span class='ocrx_word' id='word_1_177' title='bbox 935 2874 981 2937; x_wconf 84' lang='grc'>19,</span> <span class='ocrx_word' id='word_1_178' title='bbox 996 2875 1030 2924; x_wconf 85' lang='grc'>44</span> <span class='ocrx_word' id='word_1_179' title='bbox 1048 2879 1152 2926; x_wconf 61' lang='lat' dir='ltr'>memo÷</span> 
     </span>
     <span class='ocr_line' id='line_1_24' title="bbox 113 2946 1152 3029; baseline -0.001 -18"><span class='ocrx_word' id='word_1_180' title='bbox 113 2956 212 3012; x_wconf 82' lang='lat' dir='ltr'>rabilis</span> <span class='ocrx_word' id='word_1_181' title='bbox 236 2946 278 3010; x_wconf 58' lang='lat' dir='ltr'>ac&#39;</span> <span class='ocrx_word' id='word_1_182' title='bbox 292 2955 387 3010; x_wconf 84' lang='lat' dir='ltr'>diuina</span> <span class='ocrx_word' id='word_1_183' title='bbox 410 2955 513 3020; x_wconf 81' lang='lat' dir='ltr'>uirtus3</span> <span class='ocrx_word' id='word_1_184' title='bbox 535 2957 571 3010; x_wconf 83' lang='lat' dir='ltr'>ad</span> <span class='ocrx_word' id='word_1_185' title='bbox 582 2962 657 3029; x_wconf 87' lang='lat' dir='ltr'>fam.</span> <span class='ocrx_word' id='word_1_186' title='bbox 675 2959 697 3022; x_wconf 91' lang='grc'>1,</span> <span class='ocrx_word' id='word_1_187' title='bbox 713 2960 737 3022; x_wconf 85' lang='grc'>9,</span> <span class='ocrx_word' id='word_1_188' title='bbox 756 2960 786 3010; x_wconf 90' lang='lat'>18</span> <span class='ocrx_word' id='word_1_189' title='bbox 810 2956 1044 3011; x_wconf 84' lang='lat' dir='ltr'>commemoranda</span> <span class='ocrx_word' id='word_1_190' title='bbox 1062 2965 1089 3010; x_wconf 90' lang='lat' dir='ltr'>et</span> <span class='ocrx_word' id='word_1_191' title='bbox 1108 2957 1152 3010; x_wconf 90' lang='lat' dir='ltr'>di-</span> 
     </span>
     <span class='ocr_line' id='line_1_25' title="bbox 113 3041 1152 3114; baseline -0.002 -17"><span class='ocrx_word' id='word_1_192' title='bbox 113 3042 182 3097; x_wconf 81' lang='lat' dir='ltr'>uina</span> <span class='ocrx_word' id='word_1_193' title='bbox 197 3041 365 3108; x_wconf 79' lang='lat' dir='ltr'>liberalitas,</span> <span class='ocrx_word' id='word_1_194' title='bbox 387 3047 413 3096; x_wconf 80' lang='lat' dir='ltr'>et</span> <span class='ocrx_word' id='word_1_195' title='bbox 430 3043 532 3096; x_wconf 75' lang='lat' dir='ltr'>similia</span> <span class='ocrx_word' id='word_1_196' title='bbox 550 3062 638 3114; x_wconf 74' lang='lat' dir='ltr'>caepe,</span> <span class='ocrx_word' id='word_1_197' title='bbox 660 3042 755 3096; x_wconf 84' lang='lat' dir='ltr'>diuina</span> <span class='ocrx_word' id='word_1_198' title='bbox 774 3049 802 3097; x_wconf 87' lang='lat' dir='ltr'>et</span> <span class='ocrx_word' id='word_1_199' title='bbox 819 3043 945 3112; x_wconf 84' lang='lat' dir='ltr'>egregia,</span> <span class='ocrx_word' id='word_1_200' title='bbox 968 3042 1068 3096; x_wconf 81' lang='lat' dir='ltr'>eximia</span> <span class='ocrx_word' id='word_1_201' title='bbox 1081 3041 1152 3095; x_wconf 89' lang='lat' dir='ltr'>diui-</span> 
     </span>
     <span class='ocr_line' id='line_1_26' title="bbox 113 3126 1082 3198; baseline -0.002 -16"><span class='ocrx_word' id='word_1_202' title='bbox 113 3145 213 3198; x_wconf 86' lang='lat' dir='ltr'>naque,</span> <span class='ocrx_word' id='word_1_203' title='bbox 235 3126 407 3183; x_wconf 87' lang='lat' dir='ltr'>incredibilis</span> <span class='ocrx_word' id='word_1_204' title='bbox 426 3134 453 3182; x_wconf 90' lang='lat' dir='ltr'>et</span> <span class='ocrx_word' id='word_1_205' title='bbox 471 3127 567 3181; x_wconf 86' lang='lat' dir='ltr'>diuina</span> <span class='ocrx_word' id='word_1_206' title='bbox 584 3128 683 3193; x_wconf 89' lang='lat' dir='ltr'>uirtus,</span> <span class='ocrx_word' id='word_1_207' title='bbox 700 3127 796 3182; x_wconf 84' lang='lat' dir='ltr'>diuina</span> <span class='ocrx_word' id='word_1_208' title='bbox 814 3135 842 3182; x_wconf 89' lang='lat' dir='ltr'>et</span> <span class='ocrx_word' id='word_1_209' title='bbox 859 3127 1017 3183; x_wconf 85' lang='lat' dir='ltr'>incredibili</span> <span class='ocrx_word' id='word_1_210' title='bbox 1028 3127 1082 3181; x_wconf 86' lang='lat' dir='ltr'>fide</span> 
     </span>
     <span class='ocr_line' id='line_1_27' title="bbox 113 3213 1152 3292; baseline -0.003 -23"><span class='ocrx_word' id='word_1_211' title='bbox 113 3213 290 3269; x_wconf 85' lang='lat' dir='ltr'>memorabrle</span> <span class='ocrx_word' id='word_1_212' title='bbox 301 3231 432 3267; x_wconf 83' lang='lat' dir='ltr'>mannum</span> <span class='ocrx_word' id='word_1_213' title='bbox 444 3215 472 3268; x_wconf 91' lang='lat' dir='ltr'><em>B</em></span> <span class='ocrx_word' id='word_1_214' title='bbox 482 3216 529 3267; x_wconf 82' lang='lat' dir='ltr'>aed</span> <span class='ocrx_word' id='word_1_215' title='bbox 534 3232 587 3283; x_wconf 78' lang='lat' dir='ltr'>per</span> <span class='ocrx_word' id='word_1_216' title='bbox 598 3231 723 3267; x_wconf 75' lang='lat' dir='ltr'>rasuram</span> <span class='ocrx_word' id='word_1_217' title='bbox 736 3219 882 3268; x_wconf 81' lang='lat' dir='ltr'>correctum</span> <span class='ocrx_word' id='word_1_218' title='bbox 980 3217 996 3266; x_wconf 80' lang='lat'><strong>2</strong></span> <span class='ocrx_word' id='word_1_219' title='bbox 1009 3216 1086 3283; x_wconf 79' lang='lat' dir='ltr'>quae]</span> <span class='ocrx_word' id='word_1_220' title='bbox 1099 3230 1152 3292; x_wconf 70' lang='lat' dir='ltr'>que</span> 
     </span>
     <span class='ocr_line' id='line_1_28' title="bbox 114 3299 1152 3368; baseline -0.001 -14"><span class='ocrx_word' id='word_1_221' title='bbox 114 3317 177 3354; x_wconf 83' lang='lat' dir='ltr'>corr</span> <span class='ocrx_word' id='word_1_222' title='bbox 188 3305 241 3368; x_wconf 74' lang='lat' dir='ltr'>que</span> <span class='ocrx_word' id='word_1_223' title='bbox 253 3301 290 3353; x_wconf 89' lang='lat' dir='ltr'><strong><em>H</em></strong></span> <span class='ocrx_word' id='word_1_224' title='bbox 364 3302 378 3351; x_wconf 88' lang='grc'><strong>3</strong></span> <span class='ocrx_word' id='word_1_225' title='bbox 397 3318 477 3354; x_wconf 80' lang='lat' dir='ltr'>erunt</span> <span class='ocrx_word' id='word_1_226' title='bbox 494 3301 523 3352; x_wconf 76' lang='lat' dir='ltr'>ia</span> <span class='ocrx_word' id='word_1_227' title='bbox 540 3301 625 3353; x_wconf 80' lang='lat' dir='ltr'>litura</span> <span class='ocrx_word' id='word_1_228' title='bbox 632 3303 664 3355; x_wconf 83' lang='lat' dir='ltr'>‘A</span> <span class='ocrx_word' id='word_1_229' title='bbox 759 3318 835 3355; x_wconf 90' lang='lat' dir='ltr'>romo</span> <span class='ocrx_word' id='word_1_230' title='bbox 854 3319 916 3354; x_wconf 84' lang='lat' dir='ltr'>corr</span> <span class='ocrx_word' id='word_1_231' title='bbox 932 3316 1007 3354; x_wconf 87' lang='lat' dir='ltr'>remo</span> <span class='ocrx_word' id='word_1_232' title='bbox 1020 3302 1059 3365; x_wconf 89' lang='lat' dir='ltr'>B,</span> <span class='ocrx_word' id='word_1_233' title='bbox 1081 3299 1152 3353; x_wconf 72' lang='lat' dir='ltr'>idem</span> 
     </span>
     <span class='ocr_line' id='line_1_29' title="bbox 114 3383 1151 3456; baseline 0 -16"><span class='ocrx_word' id='word_1_234' title='bbox 114 3383 221 3440; x_wconf 86' lang='lat' dir='ltr'>remulo</span> <span class='ocrx_word' id='word_1_235' title='bbox 239 3385 286 3439; x_wconf 80' lang='lat' dir='ltr'>sed</span> <span class='ocrx_word' id='word_1_236' title='bbox 305 3403 345 3455; x_wconf 82' lang='lat' dir='ltr'>pr</span> <span class='ocrx_word' id='word_1_237' title='bbox 362 3402 424 3439; x_wconf 85' lang='lat' dir='ltr'>corr</span> <span class='ocrx_word' id='word_1_238' title='bbox 544 3389 561 3437; x_wconf 88' lang='grc'><strong>4</strong></span> <span class='ocrx_word' id='word_1_239' title='bbox 579 3385 679 3456; x_wconf 58' lang='lat' dir='ltr'>equid&amp;</span> <span class='ocrx_word' id='word_1_240' title='bbox 698 3403 760 3440; x_wconf 85' lang='lat' dir='ltr'>corr</span> <span class='ocrx_word' id='word_1_241' title='bbox 777 3405 809 3440; x_wconf 78' lang='lat' dir='ltr'>ea</span> <span class='ocrx_word' id='word_1_242' title='bbox 827 3385 933 3455; x_wconf 67' lang='lat' dir='ltr'>aeqmdt</span> <span class='ocrx_word' id='word_1_243' title='bbox 952 3391 982 3439; x_wconf 82' lang='lat' dir='ltr'>ut</span> <span class='ocrx_word' id='word_1_244' title='bbox 999 3387 1107 3439; x_wconf 79' lang='lat' dir='ltr'>uidetur</span> <span class='ocrx_word' id='word_1_245' title='bbox 1124 3389 1151 3441; x_wconf 92' lang='lat' dir='ltr'><em>B</em></span> 
     </span>
     <span class='ocr_line' id='line_1_30' title="bbox 219 3469 1153 3542; baseline 0.002 -20"><span class='ocrx_word' id='word_1_246' title='bbox 219 3474 234 3522; x_wconf 83' lang='lat'>5</span> <span class='ocrx_word' id='word_1_247' title='bbox 259 3469 424 3525; x_wconf 83' lang='lat' dir='ltr'>recuslarcm</span> <span class='ocrx_word' id='word_1_248' title='bbox 442 3470 488 3525; x_wconf 80' lang='lat' dir='ltr'>aed</span> <span class='ocrx_word' id='word_1_249' title='bbox 505 3472 518 3524; x_wconf 84' lang='lat' dir='ltr'>s</span> <span class='ocrx_word' id='word_1_250' title='bbox 530 3473 611 3542; x_wconf 78' lang='lat' dir='ltr'>prius</span> <span class='ocrx_word' id='word_1_251' title='bbox 629 3491 733 3526; x_wconf 76' lang='lat' dir='ltr'>erasum</span> <span class='ocrx_word' id='word_1_252' title='bbox 752 3473 780 3525; x_wconf 99' lang='lat' dir='ltr'><em>A</em></span> <span class='ocrx_word' id='word_1_253' title='bbox 901 3475 916 3525; x_wconf 90' lang='lat'>6</span> <span class='ocrx_word' id='word_1_254' title='bbox 934 3469 1064 3541; x_wconf 70' lang='lat' dir='ltr'>rempsus</span> <span class='ocrx_word' id='word_1_255' title='bbox 1081 3470 1105 3538; x_wconf 91' lang='lat' dir='ltr'>(l</span> <span class='ocrx_word' id='word_1_256' title='bbox 1123 3477 1153 3524; x_wconf 81' lang='lat' dir='ltr'>ut</span> 
     </span>
    </p>
   </div>
   <div class='ocr_carea' id='block_1_4' title="bbox 112 3550 1157 3730">
    <p class='ocr_par' dir='ltr' id='par_1_8' title="bbox 112 3550 1157 3730">
     <span class='ocr_line' id='line_1_31' title="bbox 112 3550 1152 3637; baseline 0 -10"><span class='ocrx_word' id='word_1_257' title='bbox 112 3573 224 3628; x_wconf 74' lang='lat' dir='ltr'>uidetur</span> <span class='ocrx_word' id='word_1_258' title='bbox 241 3574 360 3637; x_wconf 79' lang='lat' dir='ltr'>deletum)</span> <span class='ocrx_word' id='word_1_259' title='bbox 379 3576 407 3627; x_wconf 92' lang='lat' dir='ltr'><em>A</em></span> <span class='ocrx_word' id='word_1_260' title='bbox 510 3572 630 3627; x_wconf 90' lang='lat' dir='ltr'>hberum</span> <span class='ocrx_word' id='word_1_261' title='bbox 647 3577 694 3629; x_wconf 81' lang='lat' dir='ltr'>sed</span> <span class='ocrx_word' id='word_1_262' title='bbox 711 3593 758 3629; x_wconf 89' lang='lat' dir='ltr'>um</span> <span class='ocrx_word' id='word_1_263' title='bbox 775 3575 805 3628; x_wconf 76' lang='lat' dir='ltr'>in</span> <span class='ocrx_word' id='word_1_264' title='bbox 822 3575 907 3628; x_wconf 80' lang='lat' dir='ltr'>litura</span> <span class='ocrx_word' id='word_1_265' title='bbox 925 3577 954 3627; x_wconf 89' lang='lat' dir='ltr'><em>A</em></span> <span class='ocrx_word' id='word_1_266' title='bbox 1056 3578 1069 3625; x_wconf 80' lang='lat' dir='ltr'>t</span> <span class='ocrx_word' id='word_1_267' title='bbox 1089 3550 1152 3628; x_wconf 79' lang='lat' dir='ltr'>ocir-</span> 
     </span>
     <span class='ocr_line' id='line_1_32' title="bbox 112 3653 1157 3730; baseline 0 -18"><span class='ocrx_word' id='word_1_268' title='bbox 112 3676 181 3730; x_wconf 82' lang='lat' dir='ltr'>para</span> <span class='ocrx_word' id='word_1_269' title='bbox 198 3659 224 3710; x_wconf 86' lang='lat' dir='ltr'><em>A</em></span> <span class='ocrx_word' id='word_1_270' title='bbox 327 3659 461 3729; x_wconf 77' lang='lat' dir='ltr'>impeduo</span> <span class='ocrx_word' id='word_1_271' title='bbox 479 3660 542 3713; x_wconf 91' lang='lat' dir='ltr'>BH</span> <span class='ocrx_word' id='word_1_272' title='bbox 643 3659 792 3715; x_wconf 80' lang='lat' dir='ltr'>ammores*</span> <span class='ocrx_word' id='word_1_273' title='bbox 812 3665 833 3728; x_wconf 88' lang='grc' dir='ltr'>(τ</span> <span class='ocrx_word' id='word_1_274' title='bbox 850 3663 962 3724; x_wconf 74' lang='lat' dir='ltr'>erasum)</span> <span class='ocrx_word' id='word_1_275' title='bbox 982 3663 1010 3715; x_wconf 90' lang='lat' dir='ltr'><em>B</em></span> <span class='ocrx_word' id='word_1_276' title='bbox 1029 3653 1097 3730; x_wconf 72' lang='lat' dir='ltr'>&#39;&#39;ariro</span> <span class='ocrx_word' id='word_1_277' title='bbox 1112 3659 1157 3714; x_wconf 83' lang='lat' dir='ltr'>res</span> 
     </span>
    </p>
   </div>
   <div class='ocr_carea' id='block_1_5' title="bbox 111 3728 1154 4003">
    <p class='ocr_par' dir='ltr' id='par_1_9' title="bbox 111 3728 1154 4003">
     <span class='ocr_line' id='line_1_33' title="bbox 116 3728 1154 3833; baseline 0.003 -20"><span class='ocrx_word' id='word_1_278' title='bbox 116 3761 154 3827; x_wconf 74' lang='lat' dir='ltr'>(in</span> <span class='ocrx_word' id='word_1_279' title='bbox 171 3779 257 3831; x_wconf 63' lang='lat' dir='ltr'>maro.</span> <span class='ocrx_word' id='word_1_280' title='bbox 279 3760 387 3827; x_wconf 75' lang='lat' dir='ltr'>&#39;&#39;ammol</span> <span class='ocrx_word' id='word_1_281' title='bbox 401 3763 437 3815; x_wconf 96' lang='lat' dir='ltr'><em>H</em></span> <span class='ocrx_word' id='word_1_282' title='bbox 527 3764 542 3814; x_wconf 90' lang='lat'>8</span> <span class='ocrx_word' id='word_1_283' title='bbox 561 3778 626 3816; x_wconf 86' lang='lat' dir='ltr'>cura</span> <span class='ocrx_word' id='word_1_284' title='bbox 645 3768 667 3829; x_wconf 81' lang='lat' dir='ltr'>(a</span> <span class='ocrx_word' id='word_1_285' title='bbox 679 3769 746 3830; x_wconf 83' lang='lat' dir='ltr'>corr)</span> <span class='ocrx_word' id='word_1_286' title='bbox 762 3766 789 3817; x_wconf 93' lang='lat' dir='ltr'><em>A</em></span> <span class='ocrx_word' id='word_1_287' title='bbox 877 3767 892 3816; x_wconf 81' lang='lat'><strong>9</strong></span> <span class='ocrx_word' id='word_1_288' title='bbox 911 3728 1095 3833; x_wconf 73' lang='lat' dir='ltr'>quodadetera</span> <span class='ocrx_word' id='word_1_289' title='bbox 1107 3763 1154 3816; x_wconf 80' lang='lat' dir='ltr'>sed</span> 
     </span>
     <span class='ocr_line' id='line_1_34' title="bbox 111 3844 1151 3926; baseline 0.001 -26"><span class='ocrx_word' id='word_1_290' title='bbox 111 3844 182 3917; x_wconf 89' lang='lat' dir='ltr'>qurd</span> <span class='ocrx_word' id='word_1_291' title='bbox 201 3865 262 3900; x_wconf 84' lang='lat' dir='ltr'>corr</span> <span class='ocrx_word' id='word_1_292' title='bbox 278 3850 307 3900; x_wconf 91' lang='lat' dir='ltr'><em>A</em></span> <span class='ocrx_word' id='word_1_293' title='bbox 435 3864 528 3926; x_wconf 65' lang='lat' dir='ltr'>cetera</span> <span class='ocrx_word' id='word_1_294' title='bbox 546 3864 599 3917; x_wconf 88' lang='lat' dir='ltr'>que</span> <span class='ocrx_word' id='word_1_295' title='bbox 612 3851 648 3902; x_wconf 89' lang='lat' dir='ltr'><em>H</em></span> <span class='ocrx_word' id='word_1_296' title='bbox 780 3852 811 3902; x_wconf 88' lang='lat'>10</span> <span class='ocrx_word' id='word_1_297' title='bbox 829 3850 882 3903; x_wconf 75' lang='lat' dir='ltr'>ubi</span> <span class='ocrx_word' id='word_1_298' title='bbox 903 3853 919 3916; x_wconf 92' lang='lat'>(1</span> <span class='ocrx_word' id='word_1_299' title='bbox 933 3849 1013 3918; x_wconf 80' lang='lat' dir='ltr'>priua</span> <span class='ocrx_word' id='word_1_300' title='bbox 1031 3851 1097 3912; x_wconf 83' lang='lat' dir='ltr'>corr)</span> <span class='ocrx_word' id='word_1_301' title='bbox 1122 3850 1151 3901; x_wconf 90' lang='lat' dir='ltr'><em>A</em></span> 
     </span>
     <span class='ocr_line' id='line_1_35' title="bbox 204 3930 1064 4003; baseline 0.002 -17"><span class='ocrx_word' id='word_1_302' title='bbox 204 3936 232 3986; x_wconf 93' lang='lat'>11</span> <span class='ocrx_word' id='word_1_303' title='bbox 248 3930 402 3988; x_wconf 85' lang='lat' dir='ltr'>eoncessum</span> <span class='ocrx_word' id='word_1_304' title='bbox 414 3933 584 3987; x_wconf 77' lang='lat' dir='ltr'>Heiaaiaaaa</span> <span class='ocrx_word' id='word_1_305' title='bbox 597 3936 745 3988; x_wconf 83' lang='lat' dir='ltr'>concensus</span> <span class='ocrx_word' id='word_1_306' title='bbox 754 3938 811 3989; x_wconf 88' lang='lat' dir='ltr'>AB</span> <span class='ocrx_word' id='word_1_307' title='bbox 918 3937 949 3987; x_wconf 83' lang='lat'>12</span> <span class='ocrx_word' id='word_1_308' title='bbox 961 3951 1016 4003; x_wconf 84' lang='lat' dir='ltr'>que</span> <span class='ocrx_word' id='word_1_309' title='bbox 1028 3935 1064 3988; x_wconf 91' lang='lat' dir='ltr'><em>H</em></span> 
     </span>
    </p>
   </div>
   <div class='ocr_carea' id='block_1_6' title="bbox 112 4009 1153 4210">
    <p class='ocr_par' dir='ltr' id='par_1_10' title="bbox 112 4009 1153 4210">
     <span class='ocr_line' id='line_1_36' title="bbox 115 4009 1153 4118; baseline -0.001 -29"><span class='ocrx_word' id='word_1_310' title='bbox 115 4037 149 4090; x_wconf 88' lang='lat'>14</span> <span class='ocrx_word' id='word_1_311' title='bbox 172 4009 385 4091; x_wconf 68' lang='lat' dir='ltr'>adcommodenb</span> <span class='ocrx_word' id='word_1_312' title='bbox 406 4038 462 4091; x_wconf 88' lang='lat' dir='ltr'>AB</span> <span class='ocrx_word' id='word_1_313' title='bbox 486 4034 694 4091; x_wconf 70' lang='lat' dir='ltr'>accommodent</span> <span class='ocrx_word' id='word_1_314' title='bbox 717 4040 753 4091; x_wconf 91' lang='lat' dir='ltr'><em>H</em></span> <span class='ocrx_word' id='word_1_315' title='bbox 888 4041 919 4090; x_wconf 87' lang='grc'>16</span> <span class='ocrx_word' id='word_1_316' title='bbox 931 4024 1001 4118; x_wconf 66' lang='lat' dir='ltr'>&#39;&#39;eriu</span> <span class='ocrx_word' id='word_1_317' title='bbox 1021 4037 1057 4099; x_wconf 78' lang='lat' dir='ltr'>(ia</span> <span class='ocrx_word' id='word_1_318' title='bbox 1075 4055 1153 4105; x_wconf 72' lang='lat' dir='ltr'>marq</span> 
     </span>
     <span class='ocr_line' id='line_1_37' title="bbox 112 4124 1152 4210; baseline 0 -18"><span class='ocrx_word' id='word_1_319' title='bbox 112 4124 220 4205; x_wconf 58' lang='lat' dir='ltr'>‘&#39;animr)</span> <span class='ocrx_word' id='word_1_320' title='bbox 233 4140 269 4193; x_wconf 92' lang='lat' dir='ltr'><em>H</em></span> <span class='ocrx_word' id='word_1_321' title='bbox 341 4143 371 4192; x_wconf 81' lang='grc'>11</span> <span class='ocrx_word' id='word_1_322' title='bbox 385 4139 468 4210; x_wconf 79' lang='lat' dir='ltr'>qu1dl</span> <span class='ocrx_word' id='word_1_323' title='bbox 480 4138 575 4194; x_wconf 74' lang='lat' dir='ltr'>*orsus</span> <span class='ocrx_word' id='word_1_324' title='bbox 593 4140 619 4205; x_wconf 90' lang='lat' dir='ltr'>(d</span> <span class='ocrx_word' id='word_1_325' title='bbox 632 4159 645 4193; x_wconf 81' lang='lat' dir='ltr'>e</span> <span class='ocrx_word' id='word_1_326' title='bbox 660 4145 725 4205; x_wconf 84' lang='lat' dir='ltr'>corr)</span> <span class='ocrx_word' id='word_1_327' title='bbox 742 4143 779 4195; x_wconf 93' lang='lat' dir='ltr'><em>H</em></span> <span class='ocrx_word' id='word_1_328' title='bbox 851 4139 931 4195; x_wconf 81' lang='lat' dir='ltr'>orsus</span> <span class='ocrx_word' id='word_1_329' title='bbox 941 4139 961 4192; x_wconf 78' lang='lat' dir='ltr'><strong>fi</strong></span> <span class='ocrx_word' id='word_1_330' title='bbox 971 4141 1062 4193; x_wconf 89' lang='grc' dir='ltr'>ΑΒΗ</span> <span class='ocrx_word' id='word_1_331' title='bbox 1071 4156 1152 4193; x_wconf 88' lang='lat' dir='ltr'>orsus</span> 
     </span>
    </p>
   </div>
   <div class='ocr_carea' id='block_1_7' title="bbox 0 0 1520 4876">
    <p class='ocr_par' dir='ltr' id='par_1_11' title="bbox 0 0 1520 4876">
     <span class='ocr_line' id='line_1_38' title="bbox 0 0 1520 4876; baseline 0 0"><span class='ocrx_word' id='word_1_332' title='bbox 0 0 1520 4876; x_wconf 95' lang='lat' dir='ltr'> </span> 
     </span>
    </p>
   </div>
  </div>
 </body>
</html>
