2940 4890
244 381 305 442 12ss
526 413 528 418 .
695 388 719 428 11
738 377 778 440 17,
794 377 826 428 43

308 550 467 616 QVINTVS.
503 547 667 631 Equidem
693 547 756 610 ista
778 568 926 632 agnosco,
951 546 1058 624 frater,
1085 555 1118 609 et
1144 547 1284 611 meritas
1294 551 1330 607 43

243 652 293 714 dis
320 651 439 736 gratias
462 673 530 735 ago,
555 650 612 713 sed
634 650 733 713 nimis
756 672 851 734 saepe
874 672 966 713 secus
989 649 1158 732 aliquanto
1183 649 1283 714 uide—

244 777 318 817 mus
341 755 489 817 euadere.

308 858 458 920 Mnucvs.
483 857 559 919 Non
576 855 673 934 enim,
689 855 821 934 Quinte,
839 866 927 919 recte
942 854 1177 935 existimamus,
1197 879 1284 940 quae

214 977 227 1015 o
244 980 351 1043 poena
373 959 488 1022 diuina
503 959 553 1039 sit2
571 959 627 1021 sed
643 958 853 1041 opinionibus
868 957 961 1042 uulgi
976 958 1124 1041 rapimur
1138 959 1176 1022 in
1193 982 1285 1024 erro-

245 1084 315 1126 rem
336 1084 398 1125 neo
421 1085 500 1125 uera
522 1061 696 1124 cernimus.
720 1070 823 1123 morte
846 1072 904 1123 aut
926 1061 1036 1124 dolore
1060 1061 1207 1145 eorporis
1226 1075 1286 1127 eut

245 1166 339 1228 luetu
368 1165 471 1228 animi
499 1176 557 1228 aut
583 1164 759 1228 offensione
787 1164 903 1226 iudicii
930 1164 1104 1227 hominum
1133 1165 1286 1230 miserias

246 1269 473 1352 ponderamus,
499 1289 582 1351 quae
604 1267 709 1330 fateor
730 1266 876 1329 humana
898 1288 966 1330 esse
989 1277 1022 1330 et
1043 1267 1158 1331 multis
1185 1268 1286 1334 bonis

247 1370 327 1434 uiris
351 1371 520 1434 accidisse:
545 1370 676 1433 sceleris
699 1380 747 1432 est
769 1391 875 1452 poena
897 1369 998 1433 tristis
1020 1380 1053 1433 et
1075 1382 1207 1454 praeter
1230 1395 1287 1437 eos

205 1489 229 1531 io
248 1485 395 1551 euentus,
414 1474 471 1556 qui
486 1484 650 1551 secuntur,
667 1496 726 1557 per
741 1495 775 1535 se
797 1473 867 1556 ipsa
890 1471 1033 1534 maxima
1054 1484 1110 1536 est.
1136 1475 1289 1540 uidimus

249 1598 310 1654 eos,
336 1576 400 1659 qui,
425 1577 490 1640 nisi
505 1577 649 1640 odissent
670 1575 817 1660 patriam,
842 1597 1023 1658 numquam
1045 1575 1174 1640 inimici
1188 1580 1289 1643 nobis

248 1679 395 1757 fuissent,
420 1680 564 1743 ardentis
586 1690 659 1742 tum
682 1677 869 1762 eupiditate,
895 1689 966 1740 tum
988 1689 1087 1757 metu,
1112 1690 1184 1743 tum
1205 1703 1289 1746 eon-

249 1782 393 1860 scientia‚
419 1783 577 1867 quidquid
599 1791 740 1865 agerent,
758 1782 854 1845 modo
870 1781 1025 1859 timentis,
1042 1782 1191 1846 uicissim
1207 1807 1289 1849 eon-

249 1885 427 1949 temnentis
449 1884 630 1969 religiones,
655 1884 785 1960 iudicia,
803 1895 959 1968 perrupta
973 1886 1015 1947 ab
1029 1884 1133 1948 isdem
1149 1908 1290 1973 corrup-

251 2142 336 2194 rioree
354 2159 478 2244 earueqe3
501 2141 628 2210 eqmdem
644 2143 691 2196 aed
709 2158 766 2203 ere;
789 2142 850 2195 ein
867 2159 965 2195 rasura
984 2144 1013 2195 A
1036 2145 1114 2196 earn·
1108 2161 1167 2198 ι·το
1174 2144 1291 2213 quidem

252 2262 313 2298 corr
331 2245 359 2298 in
377 2261 442 2298 earu
447 2262 496 2297 ·re·
498 2219 612 2313 quidem
624 2245 652 2297 Β
669 2217 822 2298 oaru‘iirem
831 2220 952 2315 qmdem
968 2246 1022 2298 lead
1039 2263 1090 2299 ent
1101 2249 1186 2317 paula
1199 2247 1291 2301 abien

253 2330 320 2393 nine)
335 2332 382 2388 H:
401 2336 517 2399 apparet
534 2348 647 2384 caruere
659 2334 784 2398 famiam
796 2333 900 2385 riallmn
910 2331 1007 2384 habere
1015 2333 1114 2402 fidon,
1134 2334 1182 2386 aad
1193 2350 1291 2387 eerne-

253 2434 321 2470 runr
338 2435 402 2469 casu
420 2417 449 2468 in
468 2432 569 2469 earunr
586 2417 683 2470 abirem
700 2417 813 2487 indeque
835 2423 901 2471 nata
918 2436 973 2471 ease
989 2419 1087 2471 menda
1099 2420 1295 2489 nonniqendi

253 2502 410 2555 tentamina.
499 2503 514 2553 3
528 2502 655 2556 euader&
667 2508 798 2556 mutatum
809 2503 839 2556 in
852 2502 970 2556 euadere
982 2504 1078 2559 ΑΒΗ
1161 2506 1177 2555 4
1194 2521 1293 2573 qmne-

253 2605 284 2640 re
303 2589 331 2641 Β
348 2605 462 2657 qumere
481 2591 517 2642 H
531 2605 646 2657 qumsre
664 2591 693 2641 A
816 2592 832 2640 5
850 2607 920 2668 pena
938 2592 976 2643 H
1087 2589 1137 2642 sed
1152 2589 1293 2644 Victorias

256 2675 328 2743 (Cep.
346 2678 370 2739 a)
390 2675 427 2727 ad
443 2675 593 2744 marpinem
610 2673 735 2728 editionis
752 2693 817 2728 suae
834 2693 866 2726 aa
877 2693 929 2728 nno
940 2673 1011 2728 libro
1023 2675 1176 2738 adnotavit,
1190 2695 1225 2728 ea
1235 2677 1293 2729 aiio

256 2785 291 2841 et,
312 2779 382 2845 qnod
398 2777 477 2830 nabet
495 2778 524 2831 0.
536 2779 703 2848 Stephanae·
717 2794 768 2831 nee
781 2779 877 2833 ΑΒΗ
971 2751 1101 2848 opriibul’
1117 2780 1146 2831 A
1164 2796 1294 2850 oppinio·

256 2861 339 2915 mbus
354 2864 390 2916 H
490 2861 571 2932 uulgi
588 2867 605 2927 (1
623 2865 653 2916 in
671 2871 724 2929 ras)
744 2865 773 2916 A
877 2866 1057 2917 fluemmH
1155 2867 1248 2917 morte
1261 2868 1299 2919 H

360 2969 376 3017 9
393 2963 528 3020 accedisse
546 2985 606 3019 corr
624 2966 703 3020 aeud
720 2967 749 3019 Β
848 2965 891 3020 est
908 2969 946 3020 H
958 2965 1002 3020 est
1019 2970 1048 3019 A
1066 2932 1092 3020 ir
1109 2967 1139 3020 Β
1154 2968 1203 3020 ead
1220 2965 1236 3020 ι’
1250 2986 1295 3021 sn-

252 3071 437 3138 perseriptnm
455 3069 552 3122 deivida
569 3088 674 3122 erasum
787 3088 857 3149 pena
881 3069 919 3121 H
1031 3087 1128 3140 preter
1150 3073 1177 3124 A

260 3174 362 3249 loque
381 3173 417 3224 H
517 3174 546 3224 ll
569 3170 648 3224 ursr'
636 3191 665 3224 in
682 3191 781 3226 rasura
798 3177 824 3226 A
841 3139 922 3226 xililr
944 3172 997 3236 (εἰσ)
1017 3172 1189 3227 Heinsiam

261 3276 292 3326 12
316 3273 443 3328 ardentis
465 3279 540 3339 (corr
555 3273 614 3338 res)
638 3293 702 3327 rum
720 3279 747 3326 A
770 3275 897 3328 ardenas
915 3293 944 3328 111
919 3249 990 3329 “B
1007 3275 1109 3328 ardent
1129 3272 1239 3329 mitum
1262 3278 1301 3329 H

362 3351 556 3452 eupmtiftum
572 3379 645 3430 m&u
662 3380 697 3430 ni
715 3380 743 3431 A
760 3377 948 3447 cupiditatum
964 3379 1017 3431 m&
1035 3395 1124 3432 cltum
1141 3379 1179 3433 H

262 3481 293 3530 13
311 3478 448 3548 quidquid
460 3480 611 3533 Lanibinus
627 3481 694 3550 quid
705 3483 798 3535 ΑΒΗ
879 3473 1026 3551 ῳῑειιτὲξ
1034 3482 1063 3533 Α
1074 3480 1225 3550 ageremel'
1233 3482 1302 3536 BH

362 3564 508 3618 nmennl.
522 3607 527 3616 .
542 3566 746 3637 conrepnenrel'
760 3569 816 3621 AB
832 3565 985 3620 umentes.
999 3608 1005 3618 .
1018 3583 1129 3619 contem
1144 3566 1250 3621 nemos
1264 3569 1304 3621 H

366 3652 397 3701 14
415 3650 558 3719 rehgronrl'
575 3653 610 3704 H
612 3693 619 3714 ‚
641 3671 702 3705 corr
720 3652 750 3706 es
765 3656 790 3703 A
917 3652 1020 3705 melma
1036 3655 1065 3704 A
1186 3653 1221 3706 ab
1240 3656 1266 3718 (a
1283 3673 1299 3706 a

261 3742 327 3790 eorr'.
351 3740 378 3789 A
482 3736 587 3790 hildem
598 3740 634 3791 H
734 3737 890 3808 corruptela
911 3738 1048 3792 Tumebas
1065 3754 1198 3808 corrupta
1208 3740 1303 3792 ΑΒΗ

274 3825 310 3892 qs.
330 3823 431 3876 Parad.
451 3826 476 3885 6,
492 3825 516 3886 2,
531 3826 568 3875 46
588 3822 772 3893 corruptelam
793 3823 891 3877 iudicii
913 3823 1067 3878 molientes
1096 3823 1142 3876 Do
1164 3824 1299 3878 memnii

262 3911 323 3962 eride
336 3928 391 3978 pro
409 3910 515 3962 Halone
533 3909 575 3971 31,
590 3911 644 3960 so.
669 3911 764 3974 {Nihil
780 3910 869 3962 nerim
890 3910 1009 3963 Turnebi
1025 3909 1196 3972 soniam,
1214 3927 1298 3978 quam

262 4014 295 4048 ea·
306 3996 440 4048 obliuione
450 4000 616 4065 protractam
630 3996 814 4053 restituerant,-
835 3998 975 4066 perantiqui
986 3996 1141 4065 rependam
1159 4000 1192 4048 ui
1201 3995 1295 4066 wlqo,

261 4081 453 4150 improbabilia
470 4081 649 4152 excogitantes
672 4100 734 4134 narn
748 4101 795 4135 neo
812 4093 944 4152 perrupta
963 4091 990 4135 et
1008 4088 1139 4150 corrupta
1155 4084 1218 4149 opio
1234 4080 1299 4134 imi-

260 4172 363 4236 annno
386 4186 468 4238 neque
490 4168 604 4220 aiterum
627 4168 742 4220 noerius
762 4168 1027 4237 intemraeiomenim
1051 4184 1108 4220 esse
1128 4166 1162 4218 da
1186 4166 1302 4221 Halmii
