2994 4884
258 371 298 433 32
708 367 779 430 111,
801 366 831 416 31
871 366 873 370 ’

257 542 353 603 cebra
376 538 598 622 turpitudinis,
630 547 740 600 tamen
762 538 862 600 habet
884 536 1041 620 quiddam
1063 535 1169 599 simile
1193 547 1299 599 natu-

257 642 333 705 ralis
355 641 446 718 boni,
470 640 606 703 leuitate
629 651 678 703 est
700 642 789 704 enim
809 650 841 703 et
861 640 1024 703 suauitate
1041 640 1224 702 delectans:
1250 639 1299 702 sic

257 747 297 808 ab
320 765 426 807 errore
449 742 568 806 mentis
591 753 759 827 tamquam
781 745 922 807 salutare
942 742 1067 826 aliquid
1082 742 1296 819 adsciscitur,

256 846 419 929 similique
442 845 572 908 inscitia
594 868 680 909 mors
703 846 829 930 fugitur
844 846 937 929 quasi
957 845 1125 908 dissolutio
1141 855 1294 924 naturae,

225 950 324 1013 suita
348 949 520 1032 expetitur,
547 948 623 1031 quia
651 971 710 1012 nos
737 949 773 1011 in
800 971 865 1033 quo
892 949 963 1013 nati
989 970 1102 1012 sumus
1131 948 1293 1026 continet,

255 1054 347 1116 dolor
374 1053 410 1115 in
437 1051 588 1115 maximis
617 1052 712 1115 malis
740 1051 884 1132 ducitur,
916 1074 992 1114 cum
1019 1074 1078 1115 sua
1105 1051 1293 1135 asperitate,

253 1206 396 1299 missuras
414 1238 552 1310 pnudmrs
561 1239 588 1290 B
671 1241 682 1290 1
697 1239 837 1309 quidldam
856 1239 882 1305 (d
891 1240 971 1310 prius
983 1260 999 1293 a
1012 1242 1079 1306 corr)
1093 1242 1121 1294 Β
1133 1204 1250 1309 quidam
1263 1240 1299 1293 H

354 1307 595 1397 naeui'ibliironae
608 1345 636 1397 Β
653 1341 792 1397 naturahs
807 1343 871 1396 boni
888 1344 935 1397 sed
952 1342 1005 1398 ahl
1018 1343 1084 1397 bom
1101 1343 1131 1396 in
1149 1360 1254 1396 rasura
1266 1345 1295 1395 A

253 1445 377 1500 naturah
399 1446 471 1500 bono
491 1446 659 1499 Heinsianus
782 1448 797 1497 2
815 1445 946 1500 leunanl
960 1452 1006 1500 eni
1017 1444 1057 1515 l&
1075 1443 1242 1523 suauitatis»
1253 1444 1295 1498 est

254 1583 323 1652 (suit
341 1582 378 1648 es)
398 1588 443 1635 ent
462 1583 488 1636 sc
507 1582 647 1636 suauitate
665 1582 808 1637 delectans
824 1583 994 1637 Heinsianus
1015 1546 1235 1636 leurranl‘imm
1246 1583 1249 1652 l
1262 1600 1293 1636 ct

254 1667 403 1722 susurrans
412 1685 828 1720 *ssessssssssessssse
841 1666 1013 1722 delectansA
1023 1667 1154 1722 leurtanl
1165 1666 1210 1721 ess
1223 1670 1293 1740 [fuit

253 1754 293 1819 es)
314 1772 385 1807 emm
403 1755 428 1807 tr
447 1752 608 1823 susurranti
621 1752 763 1809 delectans
777 1757 805 1808 B
826 1754 941 1808 lenitate
964 1752 1107 1819 (laenitate
1125 1753 1290 1820 Lambinus)

255 1839 327 1892 enim
346 1846 372 1893 et
392 1838 529 1893 suauitate
548 1839 687 1893 delectans
704 1838 829 1901 (delectat
842 1841 879 1892 Β.
896 1840 1063 1909 Stephanus),
1082 1838 1121 1893 sio
1138 1840 1289 1902 Turnebus,

254 1925 413 1979 Lambinus.
434 1925 546 1979 Liturae
570 1927 716 1990 rationem,
737 1943 804 1996 quiae
826 1930 863 1978 est
887 1926 915 1979 in
933 1928 974 1984 A,
995 1926 1084 1996 aperit
1102 1925 1291 1980 Heinsianus:

253 2028 318 2064 nam
336 2011 386 2065 etsi
402 2011 573 2064 induciarum
592 2009 690 2064 uocum
702 2011 816 2082 uestipia
835 2011 910 2064 nulia
927 2011 1050 2080 dipnosci
1062 2017 1185 2081 possunt,
1200 2015 1292 2066 temen

254 2096 319 2166 quin
332 2114 406 2149 mera
418 2096 576 2166 repetitione
588 2097 653 2151 baec
666 2096 709 2150 ess
722 2115 793 2150 emm
806 2114 835 2150 es
848 2096 989 2150 susurrare
1003 2098 1060 2162 (uei
1071 2096 1232 2163 luaulsans)
1252 2098 1294 2151 ibi

253 2181 356 2251 sarapta
367 2183 496 2253 suerint,
516 2199 640 2236 mensura
658 2183 740 2253 spatii
756 2181 879 2235 dubitari
894 2202 948 2237 non
966 2183 1032 2236 sinit
1049 2183 1078 2236 in
1095 2183 1147 2236 bae
1160 2185 1291 2252 praeser-
1366 2176 1368 2180 ’

253 2267 301 2320 tim
312 2268 471 2337 frequentia
490 2270 617 2323 similium
635 2287 757 2324 errorum
775 2268 805 2320 in
822 2270 850 2320 A
868 2271 969 2339 (confer
985 2269 1101 2322 manime
1119 2271 1147 2332 2,
1170 2269 1217 2334 24¹,
1240 2272 1287 2335 61,

253 2355 282 2419 3,
304 2357 328 2418 7,
351 2356 405 2419 17),
430 2372 513 2424 neque
530 2357 563 2409 de
582 2354 625 2408 ess
642 2354 830 2419 dubitandum,
852 2356 924 2423 quod
947 2373 1009 2408 casu
1027 2355 1107 2425 prius
1125 2355 1256 2409 omissum
1273 2376 1291 2410 a

252 2440 340 2493 scriba
363 2458 422 2494 eum
445 2442 558 2510 repetita
579 2439 709 2493 uocabula
726 2440 825 2494 deteret
842 2459 889 2494 suo
907 2442 964 2494 toco
983 2459 1068 2510 supra
1085 2458 1192 2494 uersum
1210 2442 1291 2496 addi·

252 2531 308 2579 tum
323 2533 369 2591 est,
390 2543 472 2596 neque
490 2527 519 2580 id
535 2527 565 2579 in
582 2526 632 2578 bac
650 2525 780 2590 oratione,
801 2526 955 2597 insequente
973 2525 1021 2592 sio,
1042 2527 1193 2580 desiderari
1203 2546 1290 2599 posse

251 2613 364 2666 uidetur.
388 2612 477 2682 itaque
495 2630 548 2664 non
566 2612 689 2681 estquod
714 2613 898 2682 supplementa
915 2614 1027 2667 lacunae
1044 2613 1234 2682 munirentur,
1256 2633 1290 2668 ac

251 2698 313 2750 ticet
330 2716 424 2751 nomen
443 2698 511 2751 addi
529 2696 628 2766 possit,
649 2715 698 2766 quo
715 2698 834 2766 penatiui
849 2705 985 2770 repertur,
1005 2700 1078 2752 uetat
1098 2698 1148 2752 loe
1166 2701 1289 2770 exemplo

249 2782 373 2838 leuitatis
397 2790 439 2838 est
457 2783 529 2837 enim
548 2790 574 2837 et
592 2782 739 2838 suauitatis
756 2784 858 2854 (sensu)
875 2782 1029 2850 delectans,
1049 2791 1137 2838 tamen
1153 2786 1290 2854 simplici-

250 2875 304 2923 tate
317 2875 458 2938 praestare
475 2871 561 2923 uisaun
579 2874 632 2935 est,
653 2869 821 2924 bos'muture
837 2873 866 2925 in
883 2871 1065 2924 abiatiuorum
1075 2872 1198 2940 formas,
1219 2888 1289 2940 qua-

250 2972 311 3009 rum
329 2973 384 3008 una
404 2955 671 3009 susurrareseruata
689 2957 773 3009 estin
792 2957 961 3021 Heinsiano,
989 2957 1076 3011 attera
1097 2954 1219 3010 leunate
1244 2957 1289 3011 est

251 3041 298 3110 qui
315 3041 409 3094 abierit
426 3042 456 3094 in
473 3040 602 3095 leuitatis
618 3041 647 3095 el
664 3043 715 3107 (uel
726 3041 775 3106 ess)
784 3042 959 3112 perspicuum
971 3047 1009 3096 est
1022 3045 1068 3112 (ef.
1084 3043 1108 3107 3,
1124 3043 1148 3106 3,
1163 3045 1198 3108 9).
1213 3045 1289 3113 qaod

249 3145 313 3180 uero
330 3127 411 3181 etiam
429 3128 460 3180 de
477 3129 611 3181 latinitate
629 3128 797 3193 dubitarunt,
823 3134 848 3181 et
870 3133 940 3182 reete
957 3147 1004 3182 nee
1022 3129 1078 3182 sine
1097 3129 1217 3199 exempto
1236 3147 1288 3184 uo-

249 3210 341 3282 luptas
360 3229 420 3265 esse
440 3211 579 3267 delectans
597 3215 697 3268 dicitur
716 3216 762 3279 (or.
784 3217 826 3279 48,
849 3216 910 3279 162,
932 3216 964 3268 cte
981 3219 1037 3268 nat.
1057 3216 1127 3268 deor.
1148 3216 1173 3279 2,
1195 3216 1220 3278 8,
1239 3217 1286 3269 21.

251 3299 292 3349 22.
313 3297 343 3350 cte
361 3300 407 3368 off.
430 3300 452 3362 1,
470 3301 509 3364 16,
529 3301 569 3364 51)
589 3305 614 3353 et
632 3318 679 3352 cur
696 3300 735 3353 ita
753 3301 880 3355 metuerit
902 3300 994 3354 Cicero
1013 3319 1092 3371 qaam
1110 3297 1288 3370 uoluptatem

250 3381 385 3436 delectare
398 3402 476 3437 causa
486 3390 582 3454 aperta
593 3391 645 3438 est:
658 3383 782 3439 leuitatis
792 3392 878 3440 autem
888 3404 953 3457 qrrae
965 3405 1019 3440 esse
1029 3385 1288 3456 ambipuitaspotest

249 3487 279 3521 eo
297 3469 370 3533 ioco,
391 3469 438 3521 nbi
454 3471 536 3524 simui
553 3472 585 3524 cte
604 3470 752 3541 asperitate
774 3471 878 3527 doloris
897 3473 1006 3536 dieitur,
1029 3490 1104 3542 quem
1123 3472 1287 3526 admodum

248 3554 278 3606 in
295 3555 456 3622 explicanda
474 3555 535 3625 msa
551 3557 671 3628 Epicuri
688 3558 810 3611 doctrina
831 3559 910 3613 Tusa.
931 3562 961 3623 5,
982 3561 1029 3624 26,
1051 3560 1083 3610 73
1101 3575 1191 3628 neque
1208 3558 1287 3628 quie·

248 3657 329 3709 quam
347 3641 382 3694 ad
399 3659 450 3696 nos
467 3641 604 3711 pertinere
617 3643 671 3697 nisi
684 3644 758 3714 quod
776 3651 824 3698 aut
840 3644 904 3699 leue
922 3651 970 3698 aut
988 3662 1115 3715 asperum
1127 3643 1156 3696 in
1168 3661 1288 3714 corpore

248 3726 391 3781 sentiatur.
490 3730 505 3780 3
524 3728 575 3782 ab*
593 3731 620 3782 A
716 3730 825 3784 menses
840 3749 901 3784 corr
918 3731 958 3785 ns
966 3733 1023 3785 AB
1040 3730 1142 3784 menni
1153 3731 1189 3783 H

246 3803 341 3900 samii
356 3831 360 3900 Ι
377 3834 415 3897 (m
429 3836 478 3900 pr)
500 3834 535 3886 H
654 3832 776 3887 salutare
796 3837 837 3899 (re
856 3838 926 3900 corr)
946 3838 974 3888 A
1091 3808 1238 3888 adsisenur
1256 3837 1286 3890 Β

328 3917 482 3972 truscrsna
497 3917 651 3985 (sarasan
666 3919 812 3974 inscientia
824 3921 981 3986 Lambinus,
1003 3925 1027 3975 et
1045 3923 1083 3974 sic
1101 3937 1176 3974 error
1194 3926 1222 3974 et
1240 3919 1283 3975 in-

248 4003 362 4057 scientia
374 4005 523 4074 iunpuntur
535 4007 567 4059 de
579 4005 635 4058 inu.
650 4008 672 4070 1,
685 4009 710 4070 2,
723 4009 747 4070 2,
763 4011 788 4059 et
799 4007 891 4076 defin.
908 4009 931 4072 1,
948 4010 988 4074 14,
1001 4011 1043 4072 46,
1059 4007 1107 4060 ubi
1118 4007 1284 4078 Maduipius

246 4093 279 4144 de
297 4090 450 4143 discrimine
467 4092 524 4160 apit
638 4092 840 4147 bnanslumul
854 4080 913 4146 ΒΙ
991 4091 1129 4171 bdicnur
1146 4096 1175 4146 A

245 4212 307 4249 cum
326 4195 361 4247 H
375 4168 458 4272 qcudm
476 4197 504 4249 Β
520 4213 583 4248 rum
600 4196 646 4249 sed
661 4214 677 4248 τ
695 4215 708 4250 e
726 4215 785 4250 corr
802 4199 830 4250 A
964 4196 1130 4267 aspesnsare
1148 4198 1176 4249 A
