2940 4890
357 353 417 415 172
812 368 846 408 1n
864 359 889 420 4,
912 358 940 407 11

354 525 428 587 leto,
452 536 501 588 ast
524 525 603 608 quid
626 527 820 590 turbassitur
843 527 878 589 in
901 528 1035 612 agendo,
1061 527 1149 590 fraus
1174 529 1297 593 actoris
1319 541 1399 595 esto.

355 627 547 692 intercessor
570 628 617 692 rei
639 629 745 692 malae
768 630 918 693 salutaris
942 630 1024 693 ciuis
1047 641 1124 694 esto.

420 730 487 797 Qui
515 742 627 816 agent,
653 732 798 816 auspicia
826 744 994 811 nomento,
1024 734 1141 818 auguri
1169 733 1308 817 publico
1338 759 1400 820 pa-

355 843 456 912 rento,
481 835 687 920 promulgata
708 835 873 919 proposita
895 835 931 897 in
954 836 1078 900 aerario
1100 836 1231 921 cognita
1258 850 1396 922 agunto,

326 948 338 986 ⁵
356 937 508 1019 neeplus
524 939 678 1020 quamde
694 938 833 1023 singulis
855 941 951 1002 rebus
974 940 1075 1002 semel
1097 941 1307 1020 consulum,
1328 965 1399 1006 rem

356 1045 517 1128 populum
544 1042 699 1116 docento,
733 1042 842 1105 doceri
870 1064 889 1104 a
917 1042 1159 1126 magistratibus
1186 1043 1397 1128 priuatisque

356 1147 516 1231 patiunto.

420 1247 599 1333 Priuilegia
614 1270 656 1310 ne
671 1246 859 1330 inroganto:
883 1246 1044 1329 decapite
1061 1246 1143 1310 ciuis
1163 1248 1226 1312 nisi
1248 1271 1310 1333 per
1326 1273 1397 1314 ma-

356 1353 485 1416 ximum
506 1350 711 1414 comitiatum
733 1349 887 1432 ollosque,
910 1371 990 1431 quos
1013 1371 1162 1414 censores
1184 1351 1220 1414 in
1243 1353 1397 1435 portibus

313 1457 339 1500 ¹⁰
357 1454 471 1539 populi
493 1453 640 1530 locasint‚
664 1475 707 1515 ne
729 1451 869 1516 ferunto.

360 1646 371 1695 1
391 1642 459 1712 qunl
469 1639 624 1695 turbassmt
636 1642 671 1693 H
759 1640 860 1694 actoris
872 1641 910 1693 R.
925 1642 1079 1710 Stephanus
1096 1640 1220 1696 auetons
1230 1646 1326 1699 ΑΒΗ

358 1749 373 1799 2
391 1743 554 1799 mteroessor
572 1744 650 1811 reim
667 1743 738 1821 male
749 1746 777 1797 B
880 1741 951 1795 male
962 1745 1026 1796 AH
1126 1742 1241 1799 salutari
1260 1735 1354 1803 solius
1371 1751 1396 1814 (u

358 1850 418 1885 oorr
436 1851 468 1884 ee
484 1832 503 1885 b
521 1835 552 1883 ut
569 1830 685 1895 uidetur)
698 1831 734 1882 H
829 1830 843 1879 3
863 1826 1029 1882 semanno·
1043 1832 1071 1884 Β
1089 1827 1237 1884 ternanto*
1257 1837 1308 1898 (oe
1322 1839 1392 1892 corr]

357 1919 385 1969 A
403 1922 428 1970 et
446 1917 486 1970 sie
503 1916 648 1969 identidem
666 1916 695 1968 in
708 1914 846 1984 proximis
864 1914 1021 1984 inutraque
1133 1918 1179 1968 41
1197 1935 1302 1972 errario
1323 1924 1350 1985 (1
1367 1921 1396 1974 in

358 2004 452 2068 litura)
474 2002 511 2055 H
626 2001 776 2072 proposito,
796 1999 826 2052 in
844 2000 949 2053 aerario
968 2001 1094 2069 cognita:
1114 2002 1154 2054 eie
1171 2003 1353 2073 distinquitur
1368 2007 1396 2060 in

357 2088 516 2142 editionibus
529 2087 667 2141 nonnullis
678 2087 876 2148 netuetiorilne,
888 2089 960 2140 uelut
971 2087 1001 2139 Ο.
1012 2087 1151 2156 Stephani,
1159 2088 1297 2154 Lambini,
1312 2095 1393 2156 reete,

357 2174 468 2244 opinor:
485 2173 514 2226 in
528 2172 633 2226 aerario
647 2172 757 2226 condita
769 2173 889 2226 habento
903 2172 1015 2226 coniecit
1027 2172 1173 2236 Turnebus,
1189 2174 1301 2230 condite
1313 2178 1396 2232 etiem

359 2260 503 2322 Gruterum
523 2257 641 2324 [condito
653 2265 734 2312 sunto
748 2259 885 2312 Iordanue
902 2275 996 2327 nuper,
1009 2260 1056 2312 eed
1066 2277 1156 2328 praue
1172 2279 1213 2313 me
1230 2261 1321 2316 indice
1333 2281 1395 2316 mu-

357 2350 431 2399 tatur
447 2351 564 2414 agunto;
586 2343 616 2396 id
633 2343 704 2396 enim
721 2349 837 2409 uelatur,
856 2345 903 2415 api
918 2344 976 2396 nisi
991 2347 1061 2415 qnod
1073 2348 1275 2418 promnlputum
1288 2366 1396 2418 propo·

356 2429 535 2500 eitumfuerit
548 2434 608 2484 ante
627 2431 672 2496 (ef.
686 2429 808 2500 Philipp.
823 2432 848 2493 5,
864 2431 888 2494 3,
904 2433 956 2482 let
969 2432 991 2495 8)
1006 2435 1031 2483 et
1043 2430 1072 2483 in
1084 2433 1190 2486 aerario
1204 2435 1351 2506 oopnitnm,
1372 2436 1397 2489 ei

358 2517 461 2588 pridem
479 2534 534 2568 non
552 2517 637 2569 solum
656 2516 725 2585 tepeo
743 2517 811 2569 letne
829 2521 854 2570 et
872 2520 995 2584 acceptae
1013 2516 1042 2569 in
1059 2517 1195 2570 aerarium
1211 2521 1396 2575 condebantur

359 2604 444 2668 (Seru.
458 2603 494 2655 nd
505 2605 574 2654 Aen.
586 2603 612 2666 8,
627 2602 686 2654 322.
703 2604 809 2655 Sueten.
829 2603 902 2656 ane.
915 2603 955 2668 28)
969 2601 1016 2654 sed
1032 2602 1111 2654 etiam
1122 2605 1257 2671 ferendae
1275 2607 1348 2676 lepee
1359 2608 1396 2662 ad

357 2688 492 2743 aerarium
511 2687 617 2758 deferri
642 2688 666 2740 n.
680 2707 702 2740 e.
722 2686 751 2740 in
769 2689 876 2741 aerario
895 2687 1018 2759 nonnoni
1033 2688 1181 2755 delebant];
1206 2693 1301 2760 confer
1315 2693 1394 2746 selio-

358 2775 424 2828 linm
443 2773 472 2826 in
492 2772 644 2826 Sestiunnm
663 2790 683 2827 o.
697 2775 739 2837 64,
757 2775 804 2825 135
824 2772 930 2826 Licinia
949 2779 976 2826 et
993 2773 1073 2826 Iunia
1089 2792 1160 2829 noes.
1175 2777 1334 2831 auctoribus
1348 2778 1394 2831 Li·

357 2859 429 2913 oinio
446 2859 565 2912 Murena
583 2865 611 2911 et
627 2858 708 2911 Iunio
728 2857 821 2913 Silano
839 2858 945 2930 perlato
963 2857 1033 2912 illud
1050 2859 1174 2925 eeuebnt,
1188 2878 1223 2914 ne
1235 2858 1307 2915 olam
1317 2880 1394 2917 aera-

356 2945 398 2999 rio
416 2944 506 3014 legem
523 2943 591 2998 terri
607 2942 712 3009 liceret,
730 2945 860 3014 quoniam
870 2943 947 3013 leges
959 2942 989 2997 in
1001 2942 1106 2998 aerario
1119 2945 1308 3001 condebantur
1318 2951 1395 3018 [qnae

356 3050 451 3084 uereor
468 3050 500 3084 ne
518 3049 572 3084 non
592 3035 662 3085 reete
680 3035 794 3084 tractent
812 3031 836 3083 ii
851 3031 900 3100 qui
916 3032 997 3095 (uelut
1016 3031 1149 3084 Halmius
1166 3037 1192 3084 et
1206 3032 1395 3102 Nipperdeine

360 3117 429 3186 Opp.
450 3118 511 3183 332)
531 3116 637 3170 aerario
654 3114 745 3185 legem
762 3115 859 3170 inferri
877 3116 1010 3181 sortiunt,
1031 3117 1077 3170 sed
1098 3115 1168 3170 olam
1186 3117 1292 3171 aerario
1310 3118 1395 3173 inter-

351 3209 446 3273 pretor
463 3221 519 3256 non
537 3202 675 3271 cognitam
695 3202 724 3255 in
742 3202 848 3256 aerario
865 3202 956 3273 legem
972 3203 1050 3257 ferri.
1067 3203 1112 3272 Of.
1125 3203 1324 3257 Mommsenum
1336 3204 1391 3260 inr.

351 3306 428 3374 pull.
441 3308 470 3370 2,
487 3307 536 3356 512
555 3310 581 3359 et
598 3305 626 3358 in
645 3306 799 3359 Annnlidne
816 3305 945 3360 Inotitnti
958 3307 1022 3358 1858
1036 3324 1069 3376 p.
1085 3306 1141 3370 187]
1264 3281 1342 3375 nguiid
1361 3311 1399 3362 H

442 3394 457 3442 5
475 3407 526 3444 nee
543 3390 614 3461 plus]
631 3391 765 3444 inutiliter
782 3409 817 3445 ne
835 3392 880 3444 nel
896 3408 967 3446 neue
985 3392 1120 3464 scribitur¹
1211 3389 1294 3445 semel
1304 3393 1399 3447 ABH

359 3475 441 3530 simul
462 3477 609 3540 Gruterus,
631 3479 702 3547 qnod
722 3497 828 3544 uereor,
853 3497 886 3532 ne
903 3478 1009 3532 ineunte
1027 3476 1195 3546 arripuerint
1214 3477 1343 3532 Halmius
1368 3485 1395 3533 et

355 3580 486 3634 Baiterun
586 3579 750 3634 consulunto
763 3581 892 3635 editiones
904 3577 1065 3635 eonsulenw
1077 3580 1168 3635 ΑΒΗ
1258 3583 1274 3633 6
1293 3555 1395 3647 ddoen-

355 3700 388 3735 το
406 3681 578 3736 Heinsiunns
596 3682 700 3737 ducent
718 3702 734 3737 ο
749 3687 803 3739 ΑΒ
912 3687 926 3736 'l
945 3655 1072 3738 lanumo
1089 3684 1126 3738 H
1236 3685 1252 3735 9
1270 3683 1395 3739 comitia·

355 3791 415 3838 tum
433 3786 469 3838 R.
486 3787 638 3854 Stephanus
659 3793 812 3842 normanni
829 3806 890 3842 corr
909 3806 941 3841 en
957 3805 1019 3842 eum
1034 3793 1136 3841 mitent
1152 3792 1178 3841 A
1199 3785 1263 3852 (oie)
1282 3792 1316 3842 οῦ
1335 3806 1396 3842 ιτα-

354 3892 387 3941 τῦ
405 3890 433 3941 Β
502 3887 625 3958 ollosque
646 3892 694 3944 sed
715 3909 731 3944 o
749 3909 789 3961 pr
806 3911 819 3945 e
837 3909 900 3946 oorr
917 3893 945 3944 A
1014 3905 1153 3945 eumnatn
1171 3864 1341 3960 miolloslque
1361 3893 1400 3946 H

467 3977 498 4027 1o
521 3973 638 4029 locatim
656 3995 717 4030 corr
735 3974 855 4031 loearmt
872 3979 899 4028 A
916 3974 1047 4031 loeassmr
1065 3977 1140 4037 BH,-
1163 3976 1306 4043 [oorreetio
1325 3995 1396 4046 qnae

355 4067 392 4114 eet
411 4062 440 4114 in
459 4065 487 4114 A
503 4064 593 4132 fidem
611 4063 687 4132 saeit
707 4060 833 4127 loeasint‚
853 4081 907 4116 non
924 4060 1066 4127 looassint,
1087 4064 1117 4116 in
1135 4063 1276 4134 archetypo
1288 4063 1392 4133 fuisse,

356 4166 388 4200 eu
406 4149 497 4201 eodem
511 4167 543 4217 p.
560 4151 617 4212 165,
634 4151 649 4199 3
668 4148 839 4217 inrogasitue
857 4151 963 4202 ductum
980 4150 1131 4219 scripturae
1145 4148 1278 4221 prodant]
