3030 4876
628 1704 949 1786 PRAEFATIO

334 2017 536 2100 Emendatio
559 2037 718 2101 librorum
746 2038 785 2100 de
808 2038 933 2122 legibus
960 2038 1024 2101 fide
1053 2039 1194 2101 duorum
1216 2039 1307 2102 codi-

274 2179 351 2221 cum
369 2156 604 2222 Vossianorum
625 2157 751 2236 nititur,
777 2180 917 2240 quorum
940 2157 996 2240 qui
1019 2168 1124 2221 aetate
1146 2157 1236 2241 prior
1259 2169 1308 2222 est

274 2279 428 2359 (84:1³.)
459 2278 499 2340 ab
533 2299 647 2340 earum
679 2299 789 2341 rerum
821 2277 934 2361 peritis
968 2277 1142 2341 undecimo
1175 2279 1306 2341 saeculo

273 2399 412 2482 scriptus
435 2397 563 2475 dicitur,
588 2397 670 2460 alter
687 2400 831 2480 (86:13)
849 2397 1051 2461 duodecimo.
1084 2419 1137 2461 eos
1151 2397 1251 2461 libros
1265 2397 1307 2461 li-

272 2517 441 2581 beralitate
461 2516 608 2580 uirorum
623 2516 990 2601 praestantissimorum,
1014 2518 1071 2600 qui
1088 2517 1306 2582 bibliothecae

199 2681 202 2685 -
273 2637 497 2701 uniuersitatis
519 2636 689 2700 Leidensis
710 2647 879 2721 praesunt,
910 2638 977 2700 huc
1005 2637 1208 2700 transmissos
1234 2649 1308 2721 post

273 2757 416 2820 Bakium
436 2757 674 2839 Halmiumque
698 2758 806 2820 denuo
830 2757 957 2820 excussi
980 2756 1230 2840 testimoniaque
1251 2781 1307 2822 9ο-

275 2901 349 2941 rum
364 2877 462 2961 plene
486 2886 519 2939 et
540 2876 714 2960 diligenter
734 2877 877 2960 exposui.
902 2899 1042 2959 quorum
1054 2877 1213 2940 librorum
1231 2900 1307 2941 cum

273 2997 488 3061 recentiorem
509 3018 577 3059 non
600 3019 668 3060 esse
692 3020 733 3060 911
748 2997 849 3059 altero
865 2997 1065 3081 descriptum
1081 3008 1169 3060 certa
1183 2997 1307 3061 indicia

274 3119 438 3196 euinoant,
463 3128 535 3216 tum
558 3140 599 3181 911
622 3117 737 3180 eodem
758 3116 848 3179 fonte
871 3119 983 3180 ambos
1005 3139 1153 3180 manasse
1168 3117 1307 3202 insignis

274 3260 387 3301 eorum
420 3237 456 3299 in
489 3236 640 3300 maximis
673 3237 883 3320 minimisque
911 3237 1092 3300 similitudo
1121 3239 1305 3320 persuadet.

273 3359 330 3422 sed
352 3369 489 3440 uterque
513 3358 615 3420 codex
638 3379 735 3420 suum
762 3368 915 3441 expertus
944 3367 992 3420 est
1019 3367 1242 3421 correctorem.
1289 3381 1308 3421 a

273 3478 392 3561 quibus
415 3499 498 3560 quae
512 3477 659 3561 profecta
682 3488 767 3556 sunt,
793 3478 872 3541 adeo
895 3478 982 3540 inter
997 3500 1030 3540 se
1047 3476 1243 3560 conspirant,
1269 3490 1307 3542 ut

273 3614 463 3681 ea·quoque
479 3597 618 3659 eandem
633 3620 710 3680 prae
726 3620 759 3660 se
774 3597 858 3661 ferre
875 3597 1034 3681 originem
1050 3597 1234 3661 uideantur.
1274 3609 1307 3662 et

272 3719 470 3782 Vossianum
491 3720 521 3781 A
544 3717 677 3800 quidem
700 3718 756 3800 qui
778 3718 993 3801 perpurgauit
1020 3717 1129 3780 nescio
1153 3740 1217 3800 quo
1240 3718 1307 3780 ele-

272 3838 402 3923 gantiae
424 3837 532 3902 studio
541 3839 667 3904 ¹ductus
688 3837 832 3900 radendo
847 3837 915 3900 fere
929 3837 1116 3921 primitiuas
1131 3838 1307 3920 scripturas

273 3959 397 4021 deleuit
420 3969 453 4021 et
484 3957 541 4021 ubi
569 3958 624 4021 uel
650 3958 777 4020 litterae
806 3958 991 4040 syllabaeue
1020 3957 1219 4021 correctione
1250 3958 1307 4020 de-

272 4077 366 4162 fungi
389 4090 505 4161 posset‚
531 4100 626 4161 saepe
649 4089 718 4141 tota
739 4079 900 4141 uocabula
922 4078 1051 4141 abrasit.
1086 4077 1307 4141 uerecundius

276 4198 409 4261 alterius
432 4197 509 4262 libri
525 4208 686 4262 corrector
708 4219 841 4281 operam
862 4199 898 4260 in
914 4221 951 4261 ea
966 4221 1001 4261 re
1018 4197 1165 4282 sumpsit,
1189 4198 1225 4260 in
1242 4219 1306 4280 quo
