3030 4876
587 342 682 403 11117,
704 340 736 391 39
754 369 788 377 —
808 341 848 403 18,
870 343 902 391 40
1196 344 1258 405 199

216 510 322 573 modo
344 509 426 572 haee
443 509 565 592 optimo
588 512 708 594 cuique
731 522 763 574 et
781 511 974 596 grauissimo
990 512 1057 575 ciui
1072 513 1261 576 ostendatur

220 613 378 695 ultroque
401 611 561 690 offeratur,
579 626 617 677 ut
638 614 675 676 in
698 636 735 677 eo
758 614 800 677 sit
821 615 891 697 ipso
914 615 1054 691 libertas,
1072 616 1107 677 in
1123 637 1187 698 quo
1202 638 1262 699 po·

222 715 305 799 pulo
335 725 476 798 potestas
506 716 640 780 honeste
667 717 761 780 bonis
786 717 993 801 gratificandi
1015 719 1118 781 datur.
1158 741 1260 801 eoque

223 840 317 881 nunc
340 819 378 880 fit
399 818 491 897 illud,
517 821 605 901 quod
628 842 646 882 a
669 831 700 882 te
724 821 828 898 modo,
847 821 979 898 Quinte,
1004 821 1129 883 dictum
1144 832 1200 898 est,
1224 832 1262 883 ut

223 921 337 984 minus
352 921 475 984 multos
489 923 610 985 tabella
626 923 830 1000 condemnet,
846 945 944 1006 quam
959 924 1082 986 solebat
1097 945 1170 1000 uox,
1185 923 1262 1005 quia
1292 944 1305 982 5

224 1024 350 1108 populo
364 1023 463 1087 licere
480 1025 556 1088 satis
572 1036 634 1088 est:
650 1026 713 1088 hoe
729 1036 855 1103 retento
870 1024 996 1108 reliqua
1016 1027 1168 1088 uoluntas
1183 1048 1262 1088 auc-

226 1128 352 1191 toritati
375 1140 432 1191 aut
453 1127 575 1211 gratiae
597 1129 746 1191 traditur.
784 1129 909 1211 itaque,
935 1141 972 1191 ut
994 1129 1142 1191 omittam
1163 1129 1262 1212 largi-

225 1231 318 1294 tione
342 1241 495 1313 corrupta
516 1231 675 1314 suffragia,
701 1253 768 1293 non
790 1232 891 1307 uideS,
917 1230 1096 1313 siquando
1121 1232 1262 1295 ambitus

226 1333 334 1412 sileat,
369 1334 481 1415 quaeri
506 1333 542 1396 in
572 1333 731 1418 suffragiis
754 1334 834 1415 quid
864 1334 979 1416 optimi
1008 1334 1073 1396 uiri
1101 1335 1264 1397 sentiantb

227 1458 329 1519 quam
351 1437 392 1499 ob
415 1458 484 1499 rem
506 1436 578 1520 lege
601 1447 709 1498 nostra
732 1436 889 1499 libertatis
912 1437 1035 1520 speeies
1057 1438 1159 1514 datur,
1184 1460 1263 1500 auc·
1282 1457 1305 1496 to

228 1539 960 1617 toritas'bonorumretinetur,1contentionis
984 1562 1080 1602 causa
1103 1541 1237 1603 tollitur.

296 1643 425 1705 Deinde
449 1641 603 1724 sequitur,
625 1644 744 1724 quibus
766 1642 817 1704 ius
840 1642 881 1705 sit
904 1664 980 1705 cum
1001 1643 1122 1726 populo
1145 1645 1264 1728 agendi

230 1757 288 1808 aut
311 1767 387 1808 cum
409 1755 533 1807 senatu.
573 1753 637 1807 run
659 1745 768 1828 grauis
792 1757 836 1823 et,
863 1756 899 1807 ut
922 1745 1073 1822 arbitror,
1098 1747 1264 1830 praeclara

229 1849 299 1911 lex:
330 1845 424 1931 ‘quae
451 1870 520 1910 eum
535 1849 656 1930 populo
691 1870 838 1930 quaeque
871 1848 907 1910 in
943 1849 1089 1932 patribus
1116 1860 1262 1934 agentur,

232 1950 359 2014 modica
381 1944 500 2030 sunto‚’
520 1951 556 2013 id
578 1962 626 2013 est
651 1952 796 2014 modesta
821 1962 918 2033 atque
941 1953 1004 2035 [ad]
1028 1953 1152 2029 sedata;
1177 1963 1308 2016 actoru

233 2055 321 2118 enim
343 2055 529 2116 moderatur
545 2063 577 2116 et
598 2054 694 2138 fingit
716 2076 783 2116 non
806 2055 901 2116 modo
924 2066 1069 2118 mentem
1084 2078 1120 2118 ac
1144 2058 1265 2119 uolun-

181 1699 217 1754 10

232 2225 316 2295 quatu
335 2224 481 2278 urndreenr
500 2229 528 2287 [τ
547 2229 637 2289 erosa)
656 2223 797 2278 hberrarrs
812 2225 854 2284 Β,
960 2228 975 2276 2
994 2226 1036 2278 uti
1054 2225 1082 2278 in
1101 2244 1132 2279 eo
1153 2226 1189 2279 uit
1207 2226 1266 2296 ipsa

231 2310 345 2364 libertas
363 2309 438 2378 quod
450 2312 488 2363 R.
503 2311 654 2379 Stephanus
672 2319 703 2363 ut
720 2311 749 2362 in
768 2328 800 2363 eo
820 2310 856 2365 sit
877 2311 937 2381 ipso
955 2309 1068 2364 libertas
1086 2311 1115 2363 in
1133 2328 1187 2380 qua
1209 2312 1267 2374 (uel

233 2396 261 2449 in
279 2400 341 2466 quo)
365 2395 503 2449 Turnebus
520 2394 637 2449 unnesrr
654 2395 712 2466 ipso
730 2394 848 2449 libertas
863 2415 891 2449 rn
910 2413 963 2465 quo
982 2399 1037 2450 AB
1146 2398 1160 2446 3
1179 2396 1267 2449 hone·

233 2481 278 2535 fra
296 2484 325 2535 A
447 2484 463 2533 4
481 2498 589 2551 qunnre
608 2485 635 2536 B
756 2486 771 2534 5
790 2480 879 2535 minos
895 2483 922 2533 B
942 2481 1041 2549 mrynbs
1056 2485 1082 2532 A
1203 2499 1265 2534 con-

234 2568 359 2638 dempn&
377 2571 405 2621 A
510 2571 525 2620 6
542 2567 596 2621 hoe
613 2585 753 2622 reretento
773 2569 800 2619 B
815 2567 1016 2621 hoeuuretenro
1034 2571 1062 2621 A
1083 2574 1125 2632 (re
1144 2585 1265 2625 erutum:

233 2659 263 2706 ut
280 2654 413 2707 inutiliter
427 2654 557 2708 Halmius
573 2654 626 2707 hoe
645 2653 716 2706 enim
734 2662 840 2706 retento
860 2653 1007 2718 coniecerit)
1113 2656 1127 2704 7
1145 2652 1270 2718 traditus¹

234 2758 297 2794 eorr
313 2757 362 2793 rur
381 2743 409 2793 A
515 2741 529 2791 8
548 2737 622 2792 urdrl'
638 2742 665 2793 B
683 2737 757 2791 urdrs
772 2758 834 2793 corr
851 2736 930 2792 uides
946 2742 974 2792 A
1085 2742 1100 2790 9
1118 2746 1222 2808 quaetrr
1245 2743 1271 2819 (ey

235 2849 300 2897 etri
318 2864 332 2897 e
350 2860 410 2896 corr
427 2848 456 2896 ut
473 2843 587 2907 uidetur)
607 2844 635 2895 B
738 2859 785 2911 qur
803 2845 831 2896 B
848 2809 898 2912 qui¹
913 2845 955 2907 A,-
975 2841 1049 2911 [quid
1067 2841 1186 2895 sentiant
1203 2843 1229 2894 b.
1244 2861 1265 2894 e.

235 2929 309 2998 quod
327 2929 489 2998 suffragium
506 2927 609 2981 ferant:
630 2929 714 2997 quode
731 2929 793 2981 uide
804 2930 902 2981 Herm.
918 2931 959 2992 15,
975 2930 1032 3002 261]
1145 2930 1175 2979 10
1194 2924 1271 2994 leges

235 3018 263 3069 B
279 3014 358 3083 lege*
381 3014 449 3084 [sirit
465 3011 552 3082 leges)
571 3016 599 3066 A
702 3012 839 3081 hbetratrs
854 3017 882 3068 B
996 3015 1024 3064 11
1045 3013 1185 3077 retinetur,
1197 3017 1269 3070 dete,-

236 3102 321 3154 rioreu
345 3101 444 3153 retrn&
463 3102 507 3163 B,
527 3100 557 3152 in
574 3102 602 3152 A
619 3117 671 3152 uon
688 3101 727 3153 ita
746 3100 855 3153 euanuit
878 3106 908 3153 ut
926 3106 1039 3168 praeter
1056 3117 1070 3152 r
1087 3099 1135 3152 uin
1152 3084 1267 3166 uertiyia

236 3188 364 3255 quaedam
381 3190 561 3254 aqnoeeantur
654 3184 775 3254 rolihtbr
788 3189 813 3236 A
914 3187 944 3238 13
963 3192 1067 3250 senatu.
1080 3183 1155 3252 (tum)
1169 3184 1270 3253 terebri

236 3274 320 3341 (eous.
333 3291 355 3325 e.
372 3273 418 3334 19,
433 3273 475 3324 43.
488 3273 534 3336 44)
555 3288 654 3324 senatu
672 3272 729 3324 AB
747 3279 853 3324 senatu.
873 3270 1002 3340 (deinde)
1023 3269 1161 3323 Turnebus

237 3355 354 3427 graurs&
367 3359 395 3412 B
413 3355 507 3426 grauis
522 3357 547 3410 ἃ
566 3374 625 3409 corr
643 3354 690 3409 sed
702 3361 729 3408 A
826 3355 967 3427 praeclara
985 3357 1112 3410 editiones
1129 3354 1269 3426 praeclare

236 3447 264 3498 B
281 3442 404 3513 preclare
419 3447 446 3496 A
462 3440 603 3511 praeclara
622 3450 664 3495 est
681 3444 812 3496 Halmius
824 3462 913 3514 praue
930 3448 959 3494 ut
976 3443 1032 3496 iarn
1051 3447 1179 3512 apparet·
1196 3444 1268 3506 [ora-

236 3530 272 3582 tio
284 3530 354 3582 enim
366 3530 405 3583 eie
413 3528 539 3597 procedit
551 3526 650 3580 deinde
663 3527 795 3598 sequitur,
811 3529 911 3598 quibus
924 3528 968 3582 ius
981 3528 1018 3582 uit
1029 3545 1104 3581 eum.
1115 3570 1121 3580 .
1134 3547 1139 3590 ;
1154 3528 1269 3590 tumtse·

229 3615 344 3687 quitur)
370 3613 463 3683 grauis
486 3611 544 3665 lex:
570 3631 653 3682 neque
671 3615 727 3667 eine
748 3616 886 3685 particula
910 3616 959 3667 bae
977 3633 1045 3684 quae
1063 3613 1184 3666 diuersae
1202 3600 1270 3680 leyen

237 3707 297 3755 eunt
315 3701 440 3771 componi
451 3701 598 3770 poterent]
685 3700 716 3749 14
734 3717 804 3769 quae
822 3717 884 3753 eum
901 3698 1003 3770 populo
1022 3716 1064 3752 ont
1078 3699 1146 3762 AB,
1159 3699 1188 3750 iu
1197 3715 1269 3768 pau-

239 3787 276 3840 cio
294 3785 470 3839 deterioribus
487 3785 582 3838 addita
601 3791 625 3837 et
643 3804 659 3836 α
676 3785 795 3838 Turnebo
899 3804 926 3838 ru
946 3784 1195 3854 superscriptum

239 3879 355 3941 agentur
372 3872 510 3925 Turnebus
528 3888 650 3939 aguntur
668 3873 734 3935 AB,
755 3873 848 3940 confer
862 3873 885 3934 3,
900 3874 926 3935 4,
943 3873 973 3923 10
1080 3871 1110 3920 15
1130 3875 1212 3938 atque
1230 3885 1271 3920 se-

240 3957 304 4011 data
327 3958 460 4012 Victorius
483 3975 536 4026 arq;
560 3955 596 4009 ad
620 3954 716 4010 sedata
735 3960 793 4011 AB
817 3960 895 4021 (nane
917 3957 946 4009 in
970 3959 998 4009 A
1022 3973 1120 4025 quoque
1143 3953 1178 4006 ad
1200 3958 1271 4006 certo

239 4045 399 4113 aqnosoitur,
414 4061 574 4112 quamquam
588 4043 617 4095 in
629 4044 680 4096 bue
687 4049 768 4113 perte
780 4044 861 4096 ualde
874 4043 989 4095 euanida
1002 4048 1038 4095 eet
1050 4039 1207 4110 scribtura).
1222 4038 1268 4107 Cf.

239 4132 264 4193 2,
274 4133 298 4194 4,
312 4133 367 4200 91³·
376 4132 418 4194 79,
429 4130 459 4180 13
547 4135 622 4181 actor
636 4130 806 4182 Asceneiana
819 4129 953 4182 auetorB
965 4133 989 4180 et
1000 4131 1029 4179 ut
1040 4125 1148 4178 uidetur
1161 4127 1189 4177 A
