3030 4876
680 345 702 383 11
721 333 762 394 24,
777 332 888 383 60-61
1242 334 1300 394 151

271 528 370 588 quam
391 506 535 567 humane
559 502 700 587 excipiat
722 502 823 565 altera
838 503 900 582 lex,
917 502 1083 586 praecepit
1098 502 1199 566 altera
1213 502 1299 587 lege:

268 603 315 671 ‘at
337 607 392 671 cui
415 629 493 671 auro
518 607 630 669 dentes
652 605 758 668 iuncti
781 618 908 683 escunt,
933 617 982 668 ast
1003 603 1050 667 im
1073 627 1150 667 cum
1170 605 1228 668 illo
1251 628 1302 669 se-

270 711 371 796 peliet
399 722 529 788 uretue,
555 732 588 773 se
610 710 725 772 fraude
748 702 838 772 esto’
866 718 897 772 et
919 707 1017 771 simul
1039 707 1123 770 illud
1145 708 1299 789 uidetote,

220 824 256 879 61
270 816 362 878 aliud
382 814 533 878 habitum
557 836 624 877 esse
647 812 784 895 sepelire
807 823 839 875 et
861 834 964 874 urere.
994 811 1077 874 duae
1104 823 1182 874 sunt
1207 833 1302 895 prae-

270 931 359 982 terea
384 918 472 1001 leges
499 917 539 980 de
567 915 764 999 sepulchris,
796 936 936 998 quarum
968 914 1069 977 altera
1097 915 1336 999 priuatorums

271 1019 436 1098 aedificiis
454 1020 555 1082 altera
570 1018 649 1102 ipsis
671 1018 828 1103 sepulcris
851 1027 959 1080 cauet:
981 1038 1058 1079 nam
1074 1018 1161 1100 quod
1173 1011 1302 1102 ‘rogum

270 1128 446 1189 bustumue
469 1115 608 1186 nouum³
630 1132 721 1184 uetat
739 1115 886 1206 ‘propius
909 1121 1077 1205 sexaginta
1098 1121 1196 1204 pedes
1214 1120 1302 1204 adigi

271 1420 277 1480 t
279 1436 310 1486 p.
320 1418 377 1478 151,
386 1418 408 1479 3)
426 1422 454 1467 et
466 1412 548 1468 simul
560 1411 631 1466 illud
648 1412 786 1476 uidetote;
804 1414 926 1478 formam
944 1413 1088 1466 sententiae
1100 1412 1177 1484 effeci
1187 1413 1302 1465 similem

268 1503 313 1555 iiii
324 1501 442 1570 aelisam.
453 1504 477 1564 7,
485 1503 532 1564 5,1
548 1499 597 1552 sed
613 1505 791 1569 posteaquam
802 1496 927 1569 Pompeii
948 1499 1125 1552 commoratio
1145 1497 1302 1552 diuturnior

269 1593 328 1640 erat
340 1605 422 1656 quam
433 1593 568 1655 putaram,
583 1584 648 1638 uide
660 1583 728 1654 quid
739 1582 806 1636 mihi
819 1585 990 1654 sumpserim,
1006 1584 1084 1655 coepi
1095 1583 1168 1638 uelle
1186 1603 1219 1638 ea
1236 1584 1301 1639 Tre-

267 1671 373 1725 batium
391 1678 535 1741 expectare
553 1689 570 1723 a
587 1677 624 1735 te,
644 1686 714 1740 quae
727 1676 865 1739 sperasset
876 1689 892 1722 a
909 1688 959 1724 me.
979 1674 1073 1740 censer
1084 1672 1165 1723 etiam
1178 1670 1299 1740 Phitr'pp.

268 1762 292 1822 2,
306 1760 347 1823 14,
358 1759 390 1808 34
403 1774 454 1825 ego
467 1763 567 1820 autem,
581 1755 647 1808 uide
659 1773 741 1825 quam
752 1763 843 1810 tecum
856 1773 935 1825 agam
947 1773 1001 1808 non
1014 1755 1133 1821 inimice,
1147 1755 1223 1825 quod
1230 1757 1301 1810 bene

267 1843 396 1913 cogitasti
414 1841 571 1911 aliquanda,
590 1839 687 1904 laud0;
708 1842 797 1907 [Tuae.
814 1845 836 1906 1,
852 1845 894 1907 21,
910 1844 956 1894 49:
976 1843 1022 1895 aad
1039 1843 1072 1895 ae
1084 1843 1203 1896 oratione
1212 1841 1301 1911 possit

265 1932 381 1997 fortasse
394 1929 476 1982 aliter
487 1927 609 1992 indicari,
624 1927 702 1979 ruodo
719 1945 752 1980 ne
768 1927 874 1997 intepra
881 1946 952 1998 pars
965 1929 1109 1982 sententiae
1120 1927 1299 1987 rescindatur,·

267 2021 313 2068 aat
325 2014 371 2068 lex
384 2019 431 2067 aut
441 2012 504 2082 lege
516 2013 605 2066 abesse
613 2014 713 2082 patuit,
728 2015 775 2066 seri
786 2013 815 2066 in
827 2014 880 2066 tati
893 2032 988 2084 penore
1000 2016 1145 2068 cauendam
1158 2019 1196 2067 est
1208 2033 1240 2067 ne
1252 2032 1301 2085 aas

267 2100 436 2154 delicatiores
448 2099 532 2152 simas
544 2099 612 2168 ipsis
625 2099 801 2169 scriptoribus
817 2102 862 2170 (ef.
873 2118 905 2169 p.
921 2101 1083 2166 58,12.13):
1099 2101 1191 2154 serahit
1205 2100 1299 2154 Cicero

158 2179 160 2183 ’
266 2187 300 2239 de
314 2204 364 2239 suo
377 2202 477 2255 genere
489 2185 518 2238 in
531 2183 607 2238 aliud
619 2202 705 2253 genus
715 2183 859 2238 transferri
873 2187 970 2246 (Aeaei.
978 2204 1025 2256 pr.
1038 2189 1178 2251 2,16‚50];
1192 2185 1300 2239 nullum

267 2290 326 2325 esse
338 2270 427 2341 pilum
444 2270 572 2325 omnibus
590 2271 673 2323 rebus
691 2268 774 2323 talem
792 2268 882 2340 qualis
901 2271 937 2324 sit
949 2269 1024 2342 pilus
1036 2270 1107 2326 alius
1127 2273 1198 2337 (thid.
1215 2274 1239 2336 2,
1255 2274 1297 2336 26,

266 2362 297 2410 85
308 2378 313 2421 ;
330 2362 368 2428 ef.
378 2361 403 2423 2,
414 2360 455 2422 39,
465 2359 537 2422 123),
552 2355 664 2409 immani
677 2363 705 2409 et
715 2363 811 2409 uastae
823 2356 946 2410 insidens
958 2356 1058 2410 beluae
1070 2364 1176 2411 coercet
1189 2363 1216 2410 et
1227 2357 1300 2425 regit

264 2442 374 2497 beluam
389 2445 430 2508 (de
442 2461 499 2513 rep.
514 2446 539 2508 2,
555 2444 597 2506 40,
613 2444 668 2507 67),
687 2440 773 2495 altera
791 2459 835 2495 res
854 2442 889 2495 ab
905 2441 1065 2497 iracundiae
1077 2441 1203 2496 molestia
1214 2460 1301 2496 remo-

265 2537 344 2594 ueat,
365 2528 452 2582 altera
469 2546 513 2582 res
531 2528 566 2582 ab
585 2533 674 2581 errato
697 2527 834 2581 deterreat
854 2531 904 2593 (ad
921 2530 1040 2582 Harena.
1057 2531 1083 2593 4,
1098 2530 1141 2593 31,
1155 2531 1218 2592 49);
1245 2545 1301 2581 non

264 2615 432 2685 praeciditur
452 2631 514 2684 spes
525 2612 634 2684 plebeio
647 2629 763 2682 quoque,
785 2612 808 2666 si
820 2612 921 2682 dignus
934 2632 1038 2668 summo
1051 2614 1156 2668 honore
1168 2613 1213 2678 sit,
1228 2613 1300 2684 apis·

264 2701 343 2754 cendi
363 2700 460 2754 summi
478 2698 591 2753 honoris
605 2697 703 2750 Liuias
714 2700 739 2763 4,
752 2702 777 2763 3,
793 2702 817 2763 1,
832 2700 901 2752 etde
914 2700 996 2752 Liuia
1008 2702 1147 2770 complura
1159 2701 1215 2754 eius
1226 2699 1301 2753 modi

263 2805 384 2875 exempta
403 2802 523 2875 conpesci
533 2802 563 2854 in
575 2802 632 2855 ind.
645 2802 704 2854 ieet.
721 2803 786 2855 1876
796 2821 826 2872 p.
840 2805 856 2855 6
868 2805 918 2873 sp]
1010 2805 1022 2854 1
1041 2801 1096 2868 lex]
1118 2821 1151 2856 ex
1169 2805 1197 2856 Β
1210 2769 1248 2856 leu
1267 2806 1303 2858 H
1350 2837 1353 2842 -

372 2905 498 2958 precepit
517 2904 579 2940 corr
595 2903 717 2956 preclpu
734 2889 762 2939 A
778 2893 797 2958 p
816 2904 888 2959 cipis
905 2890 971 2943 BH
1074 2888 1148 2958 ¹'lege
1167 2891 1203 2955 (in
1220 2908 1297 2962 naarp

256 2973 315 3028 “lex
332 2977 421 3039 ueras)
442 2976 478 3027 H
561 2976 576 3025 2
595 2979 623 3026 at
634 2973 808 3038 Accessiones,
827 2974 964 3029 Turnebus
982 2993 1018 3027 ut
1034 2977 1127 3030 ABH
1207 2992 1298 3029 lunari

263 3060 433 3115 Heinsianas
444 3078 463 3111 u
476 3075 534 3112 nen
548 3061 589 3122 B;
605 3059 634 3111 in
643 3060 671 3111 A
682 3063 773 3113 utram
785 3077 874 3113 iuncn
887 3080 924 3114 an
935 3078 1024 3114 ulnarl
1036 3081 1073 3115 an
1085 3062 1197 3132 denique
1210 3078 1298 3115 umen

262 3147 359 3199 rectius
377 3146 489 3218 iepatar,
512 3145 674 3218 ambiguam,
697 3148 753 3211 [nee
770 3145 859 3200 minas
877 3152 966 3200 utrum
980 3148 1072 3202 Cicera
1090 3148 1230 3216 scripserit
1242 3166 1298 3201 ane—

262 3233 367 3302 bipunm
386 3236 439 3284 est:
459 3233 496 3300 es.
509 3231 664 3285 Bentleium
682 3232 720 3284 aii
737 3234 808 3286 Hor.
820 3249 842 3285 a.
857 3233 934 3298 3,19,
946 3234 986 3300 17]
1060 3241 1155 3288 escunt
1174 3235 1298 3288 Pithoeus

263 3318 351 3372 essens
369 3320 425 3371 AB
443 3314 507 3370 eins
526 3318 562 3370 H
680 3316 795 3388 sepeliet
812 3325 910 3372 uretue
928 3320 966 3373 R.
985 3321 1136 3388 Stephanus
1154 3318 1298 3391 sepell&ur

261 3423 322 3474 &ue
334 3423 362 3473 A
374 3419 533 3491 sepeltletur
548 3437 620 3474 eruae
629 3423 657 3474 B
669 3419 837 3490 sei‘pelletur
848 3422 910 3475 &ue
924 3422 961 3488 (in
972 3440 1050 3492 rnarp
1062 3405 1251 3494 iepehrenrur)
1267 3425 1303 3477 H

348 3504 409 3559 3se
426 3505 524 3561 frande
542 3508 579 3560 H
669 3512 727 3561 esto
746 3507 875 3562 editiones
893 3508 948 3562 isso
966 3510 1060 3563 ABH
1148 3509 1255 3563 4ahus
1272 3512 1299 3563 Β

348 3590 465 3662 sepelire
483 3600 510 3646 et
528 3609 609 3646 urere
622 3594 660 3645 R.
676 3595 830 3663 Stephanus
847 3593 1005 3664 sepehr8mr
1023 3613 1085 3650 aere
1102 3601 1130 3652 A
1149 3594 1299 3668 sepehetur

262 3696 323 3732 aere
342 3680 370 3731 B
389 3677 562 3748 sepelhrerur
581 3694 631 3733 ere·
646 3681 682 3733 H
788 3681 911 3752 pr8zerea
928 3684 956 3733 A
1067 3680 1162 3751 stege
1181 3702 1243 3736 corr
1258 3680 1298 3736 le·

261 3764 310 3832 ges
325 3766 416 3819 ΑΒΗ
536 3768 551 3817 6
570 3764 621 3835 ipsl
639 3783 699 3818 corr
716 3764 784 3836 ipsis
797 3761 826 3820 A
948 3765 1100 3839 sepulchris
1117 3770 1184 3821 BH

262 3870 275 3917 7
293 3842 423 3937 bussulie
441 3874 516 3923 noua
533 3870 561 3922 B
579 3866 663 3922 bustu
681 3869 760 3938 ueta*
780 3887 885 3923 nouum
903 3873 952 3936 (ue
969 3871 998 3924 in
1008 3874 1072 3942 fiae
1089 3889 1183 3925 uersas
1201 3889 1218 3924 a
1236 3888 1300 3925 corr

260 3955 322 4019 aaa]
337 3959 364 4007 A
377 3953 491 4008 bustum
503 3973 537 4008 ne
549 3972 653 4008 nouum
666 3956 701 4008 H
772 3956 887 4025 propius
899 3957 1029 4010 editiones
1040 3954 1172 4027 proprlus
1183 3956 1296 4026 (pprruI)

259 4041 354 4093 ΑΒΗ
470 4040 546 4110 adigi
564 4041 723 4112 Maduipias
743 4043 817 4096 Asta.
834 4043 893 4098 erit.
907 4045 933 4108 2,
948 4047 998 4096 252
1121 4041 1206 4112 pedes
1225 4042 1298 4095 adici

260 4123 325 4203 pdes
336 4129 372 4180 H
385 4124 470 4196 pedes
486 4126 556 4204 silici
575 4125 657 4206 seriei
673 4127 744 4181 ad1c1
764 4126 847 4181 aedes
856 4130 884 4184 B
900 4129 986 4198 pedes
996 4146 1214 4181 *assereres*
1227 4127 1299 4181 adin
