3030 4876
539 387 606 448 115,
629 385 742 436 11-12
1122 384 1162 446 83

123 580 185 634 eos,
211 557 268 641 qui
290 557 472 640 perniciosa
488 568 521 621 et
537 557 659 620 iniusta
674 556 805 640 populis
820 555 908 620 iussa
922 555 1160 640 descripserint,

124 683 224 744 quom
255 670 368 723 contra
395 661 534 723 fecerint
562 681 661 742 quam
690 659 830 743 polliciti
860 657 1062 743 professique
1085 659 1159 737 sint,

125 763 257 848 quiduis
279 764 389 847 potius
412 763 524 826 tulisse
549 786 647 846 quam
669 763 766 848 leges.
799 774 838 826 ut
858 761 1070 847 perspicuum
1093 783 1162 825 esse

125 868 227 951 possit
256 868 292 929 in
324 868 393 950 ipso
422 867 556 930 nomine
585 866 666 951 legis
695 865 941 950 interpretando
962 864 1069 928 inesse
1091 866 1162 927 uini

72 977 112 1032 12
125 981 158 1034 et
180 970 378 1033 sententiam
400 969 479 1032 iusti
503 980 535 1032 et
557 969 628 1033 ueri
650 969 791 1054 legendi.
817 990 936 1052 quaero
958 968 1060 1052 igitur
1080 989 1098 1029 a
1119 979 1158 1046 te,
1191 985 1204 1024 s

125 1073 259 1151 Quinte,
285 1073 370 1136 sicut
391 1073 442 1135 illi
464 1073 582 1136 solent:
608 1093 672 1154 quo
695 1072 722 1134 si
745 1072 862 1135 ciuitas
884 1082 1000 1149 careat,
1025 1072 1066 1134 ob
1089 1093 1161 1134 eam

123 1178 230 1261 ipsam
248 1198 387 1253 causam,
414 1176 501 1257 quod
524 1197 562 1238 eo
586 1185 702 1252 careat,
726 1196 785 1258 pro
808 1173 913 1238 nihilo
935 1175 1087 1238 habenda
1109 1173 1158 1252 sit,

123 1281 159 1343 id
182 1291 272 1343 estne
294 1279 539 1342 numerandum
561 1279 597 1341 in
619 1278 734 1341 bonis‘l

122 1503 174 1567 ai's,
196 1503 320 1556 Caesaris
334 1500 412 1566 (dixit
430 1501 483 1554 sibi
500 1499 608 1571 placere
625 1509 719 1554 ternas
736 1499 853 1555 tabellas
872 1499 932 1554 dari
949 1500 984 1553 iii
999 1500 1161 1554 sententies-

123 1605 178 1658 que
195 1587 230 1641 de
248 1586 365 1656 singulis
383 1589 490 1660 ferrent
505 1587 527 1638 b.
542 1605 562 1640 c.
577 1589 601 1650 3,
617 1589 659 1651 83,
674 1589 710 1653 3),
725 1586 841 1656 Nepotis
855 1585 1008 1652 (certiorem
1026 1587 1094 1640 facit
1105 1587 1160 1640 Da-

120 1683 221 1739 tamen,
238 1682 348 1743 tempus
367 1691 427 1728 esse
445 1673 562 1726 maiores
581 1673 718 1727 exercitus
735 1671 836 1743 pareri,
856 1672 945 1742 deque
964 1688 995 1724 ea
1013 1689 1042 1725 re
1060 1671 1089 1725 in
1106 1670 1162 1725 col-

121 1760 246 1830 loquium
255 1759 380 1825 ueniret),
390 1759 470 1812 Lias'e'
481 1760 716 1830 etiaai,firmatur‚
729 1764 755 1812 et
765 1759 872 1812 omnino
884 1776 915 1812 ea
927 1759 1069 1821 sententie,
1081 1775 1161 1828 qaam

123 1847 235 1900 sonatio
254 1846 396 1916 remitteris
414 1847 595 1899 commendari
611 1850 637 1898 et
644 1845 724 1914 posci
740 1846 809 1910 dixi,
828 1863 861 1898 ise
874 1845 965 1914 potuit
983 1845 1090 1914 quidem
1107 1845 1160 1897 as-

123 1938 165 1986 ter
182 1932 298 2004 efferri]
406 1931 535 2001 intellegi
557 1930 650 1994 (intell
667 1931 697 1983 i'ii
714 1935 824 1997 rasura)
844 1934 871 1984 A
979 1932 991 1980 1
1013 1936 1040 1983 et
1057 1930 1161 1984 iniusta

107 2020 189 2074 otim
212 2023 357 2072 cassiatam
374 2019 400 2071 &
426 2015 499 2070 iufra
517 2019 581 2071 BH
601 2018 626 2070 81
645 2014 718 2070 iusta
739 2018 788 2086 pol
808 2017 838 2071 ia
855 2034 952 2072 rasura
968 2021 996 2071 A
1114 2015 1161 2069 de-

123 2121 290 2192 sclripferins
307 2140 368 2198 corr
387 2118 605 2190 desileiipsennt
623 2122 651 2174 Β
772 2122 788 2172 2
806 2137 890 2189 quom
907 2125 935 2174 A
952 2095 1035 2197 duom
1054 2122 1081 2173 B
1098 2136 1161 2173 oum

121 2227 303 2296 superscripto
321 2203 338 2296 d
357 2227 392 2278 H
504 2241 603 2279 contra
619 2224 740 2278 fecerint
759 2226 788 2288 (a
805 2223 834 2276 fe
851 2223 881 2275 s’a
898 2227 1008 2288 rasura)
1029 2227 1056 2275 A

123 2310 234 2365 solliciti
253 2330 314 2365 sorr
331 2310 389 2382 poll
400 2313 456 2364 AB
475 2308 587 2364 sollicin
604 2311 650 2363 sed
668 2308 682 2362 f
697 2310 727 2362 iii
745 2326 792 2362 ras
811 2326 872 2362 corr
883 2326 945 2379 esp
960 2308 1011 2374 (sic)
1026 2310 1060 2361 H

120 2413 231 2485 pfeffiq
251 2416 287 2468 H
298 2413 483 2484 professusque
503 2416 533 2477 lo
552 2416 669 2477 erasum)
689 2415 744 2467 AB
865 2413 880 2463 3
901 2397 1014 2480 quidiiif
1030 2417 1055 2464 A

120 2491 207 2593 pedus
218 2520 253 2571 H
359 2515 456 2587 potius
466 2515 545 2584 suhfl
555 2514 582 2569 fe
596 2515 637 2581 (uf
646 2515 717 2569 sulif
726 2517 755 2568 ia
767 2517 874 2579 rasura)
886 2518 914 2568 A
1020 2499 1058 2566 eds
1070 2512 1160 2583 poscis

122 2639 184 2673 corr
201 2618 229 2671 &e
248 2618 334 2690 possis
352 2623 379 2673 B
398 2618 455 2672 effe
478 2617 565 2689 possis
590 2617 659 2683 (effe
676 2619 706 2671 i'is
723 2637 822 2672 rasura
840 2623 866 2672 et
884 2616 898 2670 f
914 2618 1001 2670 altera
1024 2619 1054 2670 e'a
1071 2615 1160 2687 possis

121 2713 190 2770 coi-s)
210 2709 236 2757 A
256 2703 301 2757 ec*
319 2703 406 2774 poffii
422 2707 458 2758 H
558 2707 574 2756 4
593 2703 791 2775 111ἴρ11161111ἁο
809 2706 837 2758 B
941 2701 1044 2756 inesses
1063 2702 1111 2768 (sse
1128 2705 1159 2756 e'is

120 2809 170 2844 ras
194 2795 267 2856 corr)
290 2792 326 2844 H
460 2794 474 2842 5
498 2789 566 2843 iufsi
589 2792 615 2844 81
637 2809 698 2844 ueri
720 2789 832 2858 legendi
849 2789 1019 2843 Heinsiaaus
1042 2788 1109 2842 iufri
1133 2791 1158 2843 81

121 2860 262 2948 &diffiili
272 2895 299 2946 B
312 2892 378 2947 iufri
390 2895 415 2946 81
429 2892 543 2962 iuriflss
556 2892 664 2948 colendi
677 2890 752 2958 (iniri
764 2894 794 2945 ia
806 2910 914 2959 rasura,
928 2893 954 2946 &
967 2892 1036 2946 iurif
1046 2895 1075 2946 iii
1087 2911 1158 2946 mar-

121 3001 184 3070 qiiie
202 3019 219 3052 a
238 3016 298 3052 corr
316 2998 383 3061 aelel,
399 3015 485 3067 porro
503 3013 535 3050 co
551 2996 582 3049 s'n
601 2997 685 3050 litare
703 3002 827 3066 quattuor
843 2995 1010 3060 litterarum,
1032 3002 1056 3049 et
1074 2997 1158 3050 salaai

120 3083 196 3139 lendi
214 3103 296 3137 mana
319 3085 430 3153 antiqua
449 3084 588 3153 scriptam)
603 3085 640 3146 A,
654 3083 684 3135 e'a
703 3102 753 3152 qao
771 3083 879 3136 datiam
897 3077 950 3136 noa
968 3084 1083 3153 estquis
1096 3084 1157 3155 pri-

120 3190 165 3226 ma
183 3189 264 3224 mana
281 3172 352 3224 idem
369 3170 499 3240 scriptum
514 3170 612 3236 faerit,
635 3170 706 3238 qaod
717 3170 747 3222 i'is
763 3172 790 3224 B
804 3170 888 3240 plane
906 3171 1089 3242 capessatur,-
1108 3170 1156 3236 [ei-

121 3275 170 3327 qae
181 3257 251 3310 leues
267 3274 369 3309 errores
381 3256 527 3310 seminecis
539 3256 632 3324 sontis
648 3253 730 3318 (leudi
744 3273 795 3324 pro
807 3255 932 3324 legendi,
950 3272 1009 3309 curi
1027 3258 1081 3309 sirie
1098 3252 1176 3310 euri'

116 3360 253 3432 pseusti,
267 3365 297 3412 at
303 3379 334 3431 p.
347 3363 389 3423 67,
406 3362 421 3411 7
433 3333 478 3412 riri
496 3358 686 3428 scriptumest)
701 3359 731 3412 i's
742 3359 895 3412 Heinsiaae
908 3365 976 3413 recte
989 3359 1089 3413 sublati
1096 3364 1159 3412 sant

121 3481 202 3533 aeque
214 3463 327 3516 meliora
339 3462 459 3516 inueniri
467 3481 548 3532 posse
552 3462 644 3531 facile
656 3463 836 3528 concesserim]
911 3479 997 3531 quero
1010 3464 1046 3516 H
1123 3454 1158 3530 ad

119 3584 150 3620 re
161 3570 189 3620 A
289 3569 304 3618 6
322 3557 435 3635 quintos
448 3567 476 3619 Β
573 3583 627 3635 quo
644 3565 668 3618 si
681 3565 850 3620 Monacensis
862 3565 937 3636 quod
949 3564 970 3619 fi
984 3565 1058 3636 (qdfi)
1070 3567 1162 3621 ABH

235 3653 304 3722 qaod
324 3658 387 3722 post
407 3652 489 3721 psius
508 3668 602 3705 cereas
618 3654 646 3704 A
670 3652 699 3704 iii
721 3652 844 3721 aiarqs'ae
865 3650 928 3722 lege
949 3654 1046 3706 tabere
1064 3652 1158 3707 scribit

119 3755 251 3809 Halmius
263 3757 366 3808 errauit
407 3701 549 3819 sldiieas
562 3756 598 3808 H
678 3758 692 3806 'l
707 3730 738 3824 ed
753 3756 777 3818 (o
790 3756 819 3808 in
832 3773 849 3808 a
859 3759 990 3809 mutatam
1002 3761 1027 3809 et
1038 3774 1054 3809 o
1067 3775 1157 3826 super-

120 3842 257 3909 scriptam)
274 3839 450 3909 careaillege
464 3839 533 3910 (lege
545 3841 574 3894 e'a
586 3841 709 3911 marpissa
723 3842 759 3893 ad
776 3846 922 3895 extremum
937 3860 1045 3895 ausam
1063 3844 1158 3913 appic-

120 3931 183 3992 tum)
198 3928 234 3980 H
330 3925 432 3980 nichilo
450 3927 618 3980 Heiasiasias
630 3928 676 3979 seit
693 3931 723 3979 set
734 3945 751 3980 o
763 3947 780 3980 a
792 3945 851 3980 corr
865 3927 1005 3987 sideman·
1019 3927 1089 3981 nihil
1101 3932 1156 3983 AB

215 4015 230 4064 8
244 4013 273 4066 id
287 4011 375 4066 estne
387 4011 511 4065 Hidsne
524 4015 551 4066 Β
563 4012 672 4065 idemne
686 4015 755 4077 (mne
767 4014 797 4066 i'a
809 4031 916 4078 rasura,
930 4014 1036 4067 uidetur
1049 4013 1157 4068 idefrne

113 4099 219 4170 fuisse]
239 4101 266 4150 A
381 4098 552 4151 numerandi]
570 4117 599 4150 in
616 4099 652 4151 bo
670 4099 700 4149 iii
718 4116 816 4151 rasura
831 4103 858 4153 A
875 4099 1061 4153 numerandas
1081 4103 1156 4164 (asie

118 4203 165 4236 ras
183 4203 251 4246 corr,
270 4185 360 4254 potuit
377 4202 432 4237 esse
448 4183 520 4248 dum)
536 4186 572 4238 H
648 4187 774 4253 Apparet
791 4185 906 4238 scribam
919 4186 1071 4238 Heinsiaiii
1086 4187 1156 4240 heac

908 4289 947 4341 6*
