3030 4876
273 335 291 396 8
747 333 837 394 12,6

273 504 469 588 pontificum
491 502 723 580 maximorum,
750 502 868 585 quibus
890 502 976 564 nihil
1002 512 1201 585 potestesse
1224 502 1312 565 ieiu-

274 607 364 685 nius,
389 607 416 670 si
439 617 496 668 aut
519 607 560 667 ad
581 605 721 668 Fabium
743 616 801 667 aut
823 605 864 667 ad
893 627 981 684 eum,
1007 605 1065 689 qui
1092 605 1153 669 tibi
1181 627 1314 688 semper

274 710 311 772 in
334 731 388 773 ore
412 720 471 788 est,
498 710 657 772 Catonem
679 718 736 771 aut
759 709 800 771 ad
822 707 977 772 Pisonem
999 719 1057 772 aut
1078 709 1120 771 ad
1141 709 1313 772 Fannium

275 823 333 875 aut
355 813 397 875 ad
411 811 625 876 Vennonium
647 811 769 889 uenias,
795 831 994 895 quamquam
1015 833 1055 875 ex
1074 811 1126 875 his
1145 812 1231 876 alius
1247 812 1313 876 elio

244 914 350 998 splus
377 915 476 978 habet
504 914 643 992 uirium,
673 925 784 977 tamen
812 914 892 996 quid
921 924 990 976 tom
1016 914 1100 977 exile
1128 937 1229 998 quarn
1256 915 1313 979 isti

275 1019 408 1080 omnesl
430 1017 538 1080 Fanni
561 1026 671 1079 autem
686 1027 792 1079 aetate
811 1017 1008 1080 coniunctus
1022 1017 1195 1101 Antipater
1208 1019 1312 1101 poulo

274 1119 406 1183 inflauit
427 1119 657 1184 uehementius
679 1119 860 1202 habuitque
883 1119 969 1183 uires
993 1121 1127 1204 agrestis
1155 1121 1212 1184 ille
1236 1121 1313 1204 qui-

275 1223 350 1286 dem
373 1233 470 1306 atque
493 1222 640 1286 horridos
662 1222 732 1286 sine
754 1222 860 1286 nitore
876 1244 913 1285 ao
928 1223 1097 1306 palaestro,
1121 1225 1178 1288 sed
1199 1235 1313 1289 tomen

274 1326 449 1389 admonere
472 1327 614 1409 reliquos
636 1325 744 1409 potuit
764 1337 800 1388 ut
820 1326 1008 1390 adcuratius
1023 1326 1209 1391 scriberent.
1234 1349 1312 1392 ecoe

233 1448 258 1489 ro
274 1440 386 1493 eutem
413 1441 640 1493 successerunt
661 1428 740 1491 huic
763 1429 857 1508 belli,
883 1429 1033 1508 Clodius,
1057 1430 1196 1495 Asellio:
1225 1430 1313 1493 nihil

276 1599 407 1654 annuales
427 1600 494 1670 [fuit
512 1603 591 1664 amm)
614 1601 650 1653 H
752 1602 763 1650 1
784 1598 906 1653 ieiunius
928 1599 1041 1655 Vrsinus
1059 1599 1207 1654 rucunthus
1221 1601 1316 1656 ΑΒΗ

274 1687 321 1740 eeel
338 1685 368 1738 in
385 1686 432 1739 hoe
450 1703 478 1739 ru
498 1703 557 1739 corr
575 1703 607 1738 en
624 1703 650 1739 10
669 1691 699 1738 nt
716 1686 823 1738 nitetur
921 1685 1027 1739 Mirum
1044 1691 1083 1739 eet
1100 1690 1140 1739 tot
1156 1687 1230 1740 uiros
1248 1687 1311 1740 eloe·

274 1776 315 1824 tos
333 1770 456 1824 maluisse
473 1775 521 1824 ont
538 1772 694 1840 corripendo
712 1778 760 1824 ant
778 1771 944 1842 defendendo
968 1789 1078 1841 operam
1094 1773 1211 1842 perdere
1229 1789 1310 1842 qnam

275 1856 374 1926 optime
392 1856 500 1910 inuento
517 1857 574 1910 nti:
592 1875 656 1910 nant
672 1858 721 1910 hoo
738 1857 912 1928 manifestum
924 1861 962 1911 eet
973 1858 1078 1926 requiri
1086 1858 1173 1912 simile
1185 1857 1231 1911 rili
1241 1859 1311 1928 quod

274 1942 394 2012 seqnitur
407 1940 477 1995 exile
495 1942 640 2013 etquidem
658 1942 786 2012 pronius:
799 1948 907 2012 poteret
924 1943 995 1996 enim
1013 1944 1104 1997 eodem
1121 1943 1312 2000 sententiantes

274 2029 324 2080 hoc
342 2029 420 2080 modo
439 2028 546 2100 efferri:
570 2027 638 2098 quid
654 2036 711 2082 tom
730 2027 801 2081 exile
825 2034 868 2081 est
884 2045 965 2097 quam
990 2035 1039 2082 aut
1062 2028 1174 2084 annales
1197 2029 1310 2100 pontifi-

275 2130 352 2177 cum,
372 2111 473 2181 quibus
491 2112 562 2166 nihil
578 2120 671 2184 potest
688 2131 748 2167 esse
766 2112 895 2178 ieiunius,
916 2120 965 2167 aut
982 2113 1060 2179 Cato,
1079 2114 1155 2180 Piso,
1174 2115 1308 2181 Fannius,

275 2214 439 2268 quamquam
458 2216 491 2251 ex
509 2198 554 2253 his
572 2197 643 2252 alius
662 2197 716 2252 alio
734 2197 798 2269 plus
815 2198 900 2253 hebet
916 2198 1037 2253 uirium?
1056 2201 1092 2253 ad
1102 2204 1251 2272 exemplum
1263 2205 1310 2255 Ιιο-

275 2302 336 2336 rnrn
353 2283 385 2336 de
400 2285 507 2353 finibus
525 2286 553 2349 3,
569 2287 615 2349 22,
632 2287 664 2336 74
682 2283 749 2353 quid
774 2283 846 2337 enim
864 2285 958 2338 autin
975 2293 1088 2351 natura,
1108 2304 1163 2356 quo
1180 2286 1252 2341 nihil
1270 2293 1310 2342 est

275 2368 377 2439 ep'tius,
397 2368 468 2423 nihil
483 2368 658 2438 descriptius,
678 2375 726 2423 eut
743 2370 772 2422 in
790 2369 920 2440 operibus
937 2388 1020 2424 manu
1037 2370 1119 2427 saetis
1133 2379 1309 2443 tomeompo·

275 2471 359 2526 situm
376 2478 487 2542 tamque
505 2478 676 2542 compactum
693 2472 814 2526 inueniri
831 2479 931 2542 potest.
1027 2453 1113 2529 nid*
1124 2474 1231 2530 februm
1244 2476 1271 2541 (d
1280 2475 1309 2529 in

274 2593 322 2628 rar
340 2593 411 2640 corr,
425 2576 489 2644 fuit
507 2593 571 2639 aur,
597 2575 626 2627 in
645 2593 724 2644 marq
743 2553 806 2641 iius)
829 2577 865 2629 H
987 2578 1002 2628 3
1022 2575 1077 2646 estl
1097 2595 1158 2632 corr
1174 2578 1212 2631 H

275 2653 360 2748 salmis
377 2680 414 2732 H
513 2681 529 2729 4
547 2651 666 2748 Quique
683 2680 711 2733 Β
797 2682 811 2730 5
827 2678 925 2733 exrlle*
942 2682 990 2734 sed
1002 2680 1082 2750 prins
1098 2678 1110 2732 l
1128 2698 1235 2734 ererum
1253 2686 1278 2735 et
1296 2698 1311 2736 e

271 2768 440 2835 postremum
458 2781 520 2816 corr
531 2765 560 2818 B
578 2762 694 2829 exilesle
705 2770 872 2835 postremum
889 2783 956 2831 corr,
968 2766 1031 2837 snit
1047 2772 1077 2819 nt
1093 2767 1202 2820 uidetur
1217 2765 1307 2832 enlle)

275 2852 304 2903 Α
324 2847 394 2902 exile
409 2849 444 2902 H
546 2848 657 2903 6fann1
675 2852 703 2903 Β
719 2849 807 2904 sennu
825 2852 889 2904 ΑΗ
902 2850 1010 2905 Fannio
1031 2851 1169 2905 Turnebus
1267 2869 1312 2907 ae-

274 2934 327 2989 tati
344 2935 504 3005 nescioquis
522 2937 598 3006 apud
611 2936 765 2989 Turnebnnt
850 2936 998 3007 Antipater
1015 2938 1072 2991 eod.
1088 2936 1232 2993 Parisinus
1245 2939 1313 2991 Mo-

274 3021 337 3087 eeri,
358 3019 486 3074 editiones
502 3039 583 3091 pater
601 3023 629 3076 Β
645 3018 773 3091 ΡαῒΑΗ
868 3023 1096 3093 7Habu11quee
1114 3024 1142 3077 Β
1238 3023 1317 3079 uires

281 3126 317 3188 (ur
335 3124 364 3177 in
381 3143 429 3177 rar
446 3128 513 3190 corr)
536 3099 659 3193 {gressis
673 3127 704 3178 Η
813 3126 828 3175 8
846 3124 968 3195 palestre
984 3127 1077 3180 ΑΒΗ
1173 3128 1192 3178 -9
1210 3143 1313 3181 ammo-

276 3243 342 3281 nere
359 3228 395 3280 H
490 3202 736 3300 admoneriquuos
749 3230 778 3280 Α
876 3230 915 3292 ut]
931 3227 999 3282 rdB
1094 3227 1314 3298 odourenusper

274 3346 402 3383 rasuram
419 3333 552 3382 inntatnrn
569 3331 598 3383 in
617 3346 663 3383 eoo
679 3332 735 3384 ΑΒ
753 3317 912 3385 {centenus
931 3333 967 3384 H
1070 3334 1102 3384 lo
1121 3339 1315 3387 successerunt

276 3414 376 3483 scripsi
392 3413 541 3468 successere
558 3417 651 3470 ΑΒΗ
663 3417 751 3487 utuiqe,
771 3416 817 3468 sed
835 3418 874 3486 es.
892 3415 938 3470 Or.
960 3419 1002 3482 47,
1025 3419 1087 3481 157;
1112 3417 1226 3480 Quintil.
1245 3420 1310 3474 inet.

278 3503 302 3567 1,
318 3503 343 3565 5,
358 3502 406 3564 44;
427 3506 453 3555 et
470 3517 601 3570 nunqnam
613 3502 642 3555 in
654 3501 696 3554 itis
708 3502 812 3571 quidem
830 3502 904 3555 libris
923 3520 968 3556 ere
986 3504 1138 3557 terminatio
1156 3504 1260 3559 tradita
1273 3509 1313 3558 eet

380 3602 448 3657 beu
466 3603 578 3672 gneus
593 3603 670 3659 anno
682 3607 711 3657 A
727 3580 979 3676 bengtuunsno
998 3571 1118 3673 fillius
1136 3580 1246 3684 {unus
1260 3607 1313 3661 an-

276 3687 315 3754 ho
339 3690 390 3755 (sie)
407 3689 578 3744 Heinsianns
589 3689 696 3744 Asellio
710 3691 746 3746 Β.
758 3692 910 3761 Stephanus
1002 3691 1069 3746 belli
1080 3710 1175 3746 nerum
1182 3698 1252 3763 puto
1264 3712 1314 3747 nee

276 3775 335 3828 sine
352 3780 433 3844 proto
451 3776 567 3845 quadarn
585 3783 610 3830 et
628 3777 797 3831 conuenienti
812 3777 873 3830 nnio
885 3777 1029 3831 sententiae
1042 3778 1132 3831 ironia
1151 3779 1260 3842 dietum,
1280 3787 1312 3834 nt

276 3878 330 3913 non
349 3861 398 3926 sit,
417 3861 489 3929 qnod
511 3862 543 3914 cle
570 3863 657 3917 Gellio
680 3864 725 3916 nel
746 3862 855 3927 Galliis,
877 3880 991 3932 qnorum
1008 3882 1102 3917 nomen
1120 3881 1153 3918 en
1170 3862 1237 3918 belli
1256 3884 1312 3918 non

277 3946 445 4018 bellefiotnm
457 3947 514 4000 illis
525 3947 625 4000 dnobus
632 3947 774 4016 praemitti
783 3949 909 4002 nonnulli
919 3951 1070 4013 noluerunt,
1086 3952 1220 4019 operosius
1232 3968 1312 4020 quae-

274 4037 362 4086 ratur.
382 4033 465 4099 [Mihi
482 4039 651 4087 assenserunt
669 4035 712 4087 M.
727 4035 857 4088 Hertnins
877 4052 997 4103 prooern.
1023 4035 1133 4090 Vrotisl.
1156 4037 1219 4087 1871
1240 4055 1272 4106 p.
1295 4038 1308 4087 1

278 4118 426 4190 Teuffelins
443 4119 503 4172 hist.
519 4120 571 4171 litt.
587 4119 667 4174 Rom.
684 4120 716 4170 37
729 4140 756 4173 n.
770 4123 785 4172 6
802 4121 833 4174 O.
850 4121 994 4174 Meltzerns
1007 4121 1141 4175 Fleckeis.
1161 4141 1224 4175 ann.
1242 4124 1309 4175 1872
