3030 4876
273 369 313 431 28
399 358 402 366 '
698 367 752 428 19,
772 365 885 417 26-27

273 541 477 623 figuramque
500 536 642 620 corporis
664 536 809 600 habilem
831 546 864 600 et
883 548 993 620 aptam
1012 536 1145 621 ingenio
1161 535 1314 601 humano

275 641 379 703 dedit:
403 661 481 703 nam
496 661 573 703 cum
587 650 710 703 ceteras
725 640 908 703 animantes
923 638 1093 703 abiecisset
1108 639 1150 701 ad
1165 649 1310 722 pastum,

274 744 381 807 solum
410 742 579 806 hominem
609 742 713 806 erexit
742 743 784 805 ad
814 742 956 826 caelique
983 743 1076 825 quasi
1103 742 1313 827 cognationis

275 845 497 928 domiciliique
517 845 648 928 pristini
663 856 875 929 conspectum
891 845 1061 923 excitauit;
1078 855 1150 908 tum
1163 845 1313 928 speciem

242 948 320 1012 sita
348 949 504 1012 formauit
530 947 606 1026 oris,
639 959 676 1011 ut
703 948 739 1011 in
767 971 806 1012 ea
831 949 963 1032 penitus
991 948 1174 1012 reconditos
1200 970 1312 1013 mores

275 1052 457 1136 effingeret:
481 1073 560 1114 nam
582 1063 615 1115 et
637 1051 726 1115 oculi
747 1051 846 1115 nimis
868 1051 984 1136 arguti,
1002 1073 1101 1134 quem
1116 1052 1157 1114 ad
1172 1052 1360 1116 modumir

274 1154 384 1217 animo
407 1154 515 1218 affecti
537 1155 646 1233 simus,
671 1155 834 1233 locuntur,
857 1166 890 1217 et
904 1154 940 1234 is,
959 1154 1016 1238 qui
1031 1155 1216 1238 appellatur
1231 1156 1312 1218 uul-

275 1267 336 1337 tus,
362 1257 419 1340 qui
441 1257 534 1321 nullo
556 1256 593 1319 in
616 1256 782 1320 animante
805 1279 874 1321 esse
895 1268 1024 1340 praeter
1051 1257 1220 1321 hominem
1249 1279 1312 1342 po-

275 1370 345 1439 test,
370 1359 496 1423 indicat
516 1382 630 1439 mores,
657 1360 773 1443 quoius
795 1359 865 1423 uim
888 1359 1009 1425 Graeci
1031 1370 1161 1439 norunt,
1186 1382 1313 1425 nomen

233 1477 258 1519 10
275 1462 409 1526 omnino
420 1485 488 1526 non
503 1464 634 1527 habent.
652 1462 766 1526 omitto
782 1463 1042 1546 opportunitates
1057 1461 1313 1546 habilitatesque

275 1567 394 1650 reliqui
406 1565 556 1650 eorporis,
575 1565 831 1630 moderationem
846 1566 945 1645 uocis,
959 1565 1114 1629 orationis
1128 1565 1206 1644 uim,
1225 1588 1313 1649 quae

275 1822 390 1877 notitias
407 1837 508 1892 paruas
525 1838 616 1875 rerum
634 1822 825 1887 maximarum
846 1828 872 1876 et
890 1824 922 1878 de
940 1822 1046 1893 duplici
1062 1823 1142 1876 aerbo
1154 1822 1186 1876 ale
1198 1827 1270 1876 orat.
1287 1825 1313 1888 1,

276 1911 318 1972 25,
335 1910 384 1960 114
396 1907 482 1961 inseri
499 1907 611 1977 quidem
629 1914 657 1960 et
674 1907 771 1963 donari
790 1909 825 1962 ab
842 1914 900 1963 arte
918 1927 974 1964 non
991 1915 1116 1979 possunt,
1137 1906 1229 1962 omnia
1247 1915 1317 1962 sunt

274 1993 349 2048 enim
366 1992 415 2048 illa
433 1992 505 2047 dona
523 2000 651 2057 naturam
672 1995 705 2046 de
723 1995 956 2059 diuinitate
973 1995 1040 2049 haec
1059 2001 1132 2048 astro
1150 1993 1317 2062 ingenerata

276 2104 304 2151 et
315 2096 426 2150 tradite.
519 2096 639 2165 1i1guri
651 2114 720 2169 quae
732 2100 760 2152 Β
846 2101 861 2151 2
880 2097 990 2152 ceteras
1004 2063 1123 2151 ammaii‘
1141 2100 1177 2162 (m
1194 2101 1317 2151 extremo

275 2184 305 2237 in
324 2201 342 2235 n
359 2187 475 2250 mutato)
497 2184 525 2237 B
543 2181 652 2237 ceteras
667 2182 822 2236 emmanuel
836 2202 899 2238 corr
917 2202 949 2237 ec
966 2201 1084 2237 ammam
1100 2186 1129 2236 A
1146 2199 1239 2263 cetera
1255 2200 1317 2237 am·

275 2266 358 2321 maha
377 2269 413 2321 H
533 2268 676 2323 abiecisset
695 2273 724 2332 (τ
741 2269 770 2322 in
789 2287 836 2323 ras
854 2273 928 2336 carr)
950 2270 986 2323 H
1101 2270 1116 2320 3
1136 2267 1171 2322 ad
1187 2266 1318 2338 caelique

276 2354 421 2408 deteriores
438 2355 570 2419 nonnulli,
587 2356 615 2409 0.
630 2356 784 2423 Stephanae
795 2354 831 2407 ad
847 2353 915 2408 caah
926 2357 982 2408 AB
993 2355 1019 2408 &
1032 2354 1067 2408 ad
1079 2353 1130 2434 oqli
1143 2354 1317 2409 Heinaianua

275 2442 360 2509 [quem
383 2440 464 2509 aulae
482 2447 627 2510 sequantur
645 2440 702 2493 eiua
716 2440 778 2512 fiale
796 2440 863 2494 aori
879 2442 949 2495 male
967 2441 1122 2494 aestimata:
1141 2441 1212 2510 quoa
1233 2440 1320 2510 panai

276 2545 337 2579 cum
354 2528 489 2597 scriptura
507 2527 567 2596 ipsa
586 2525 621 2579 ad
636 2525 732 2595 caeliq.
746 2526 826 2595 quasi
844 2532 900 2580 tam
921 2526 1057 2580 Ciceronis
1074 2544 1126 2579 usu
1144 2527 1317 2580 commenda-

277 2615 381 2682 tarqui
396 2614 441 2665 nel
457 2613 487 2665 in
504 2613 545 2664 lic
561 2611 640 2665 libris
659 2611 695 2665 ad
711 2612 856 2682 legesque3
878 2612 907 2665 in
925 2614 1089 2682 urbemque;
1111 2612 1145 2666 ab
1163 2611 1317 2682 eodemque

275 2698 370 2752 scribit
389 2699 564 2768 plurimaque
587 2698 645 2752 eine
667 2697 772 2768 penaria
789 2716 842 2768 per
865 2717 954 2752 omnes
977 2698 1060 2752 librae
1083 2698 1161 2751 labet
1184 2700 1321 2769 enernpla]

380 2804 396 2853 4
415 2801 484 2854 (lum
503 2819 565 2854 corr
582 2800 652 2853 Tum
671 2803 706 2855 H
812 2804 827 2853 5
846 2768 1024 2871 formafilon*
1042 2804 1070 2854 A
1088 2801 1185 2872 forlma
1202 2799 1321 2857 ultioni

278 2906 340 2941 corr
359 2885 451 2941 alnon
464 2888 492 2941 Β
509 2886 643 2940 formault
661 2886 717 2940 ons
727 2888 763 2941 H
844 2891 860 2941 6
878 2886 960 2941 nimis
979 2905 1026 2940 cur
1044 2887 1187 2957 displiceat
1205 2887 1316 2940 inscia:

277 2971 463 3042 mimiarguti
477 2973 662 3044 Heideqqerus
677 2973 788 3027 Halmii
804 2974 959 3043 discipulas,
980 2973 1009 3026 id
1030 2974 1100 3044 qaaal
1117 2977 1142 3026 et
1155 2973 1271 3026 Halmio
1290 2977 1317 3027 ct

277 3060 390 3112 Baitero
407 3060 522 3129 mirifice
535 3059 656 3128 placuit,
671 3064 696 3112 et
708 3060 740 3113 dc
752 3058 843 3113 mimis
854 3060 909 3112 iam
921 3059 986 3112 olim
998 3061 1163 3130 copitaaerat
1175 3060 1314 3114 Mosarna.

276 3147 348 3210 [Meo
366 3145 465 3198 iudicio
488 3147 615 3198 accedens
634 3145 773 3214 Hauptius
795 3147 868 3216 Opp.
884 3148 908 3210 2,
924 3147 974 3197 457
993 3145 1058 3198 ictae
1075 3145 1191 3216 ineptiae
1211 3145 1317 3200 acriter

274 3231 440 3298 perctrincit
458 3231 687 3301 compluribusque
705 3233 833 3302 exemplis
851 3231 1043 3285 demonstrauit
1058 3225 1126 3283 ‘non
1143 3231 1317 3285 metuendam

272 3316 365 3386 faiese
382 3316 508 3369 Ciceroni
524 3335 556 3369 ne
574 3315 718 3388 ineliqnari
734 3317 870 3370 uideretur
881 3315 1070 3386 loquacitatem
1081 3317 1219 3370 oculorum
1230 3316 1259 3369 si
1270 3317 1317 3370 di·
1384 3334 1386 3338 ⁴

279 3406 349 3455 aeret
366 3419 409 3454 eos
427 3400 509 3454 nimis
527 3399 669 3470 argutos'3
689 3403 734 3469 (cf.
744 3420 775 3469 p.
790 3405 837 3467 41>
848 3407 886 3468 5);
907 3421 990 3472 neque
1008 3407 1097 3457 tamen
1114 3403 1251 3456 desierunt
1269 3403 1316 3456 in-.

279 3487 375 3557 eptire]
488 3503 581 3555 arguti
600 3490 631 3556 (g
648 3489 721 3552 carr)
739 3489 767 3541 Β
882 3490 896 3539 7
917 3489 1008 3542 effeen
1027 3488 1120 3543 sumus
1134 3490 1190 3542 AB
1208 3487 1320 3543 affectis

279 3589 362 3644 simus
378 3591 546 3644 Heinsianue
632 3592 658 3644 81
675 3555 761 3660 iniqui
780 3587 925 3662 appellant
936 3593 964 3646 B
1063 3587 1190 3662 appellat
1201 3593 1248 3645 sed
1260 3607 1316 3663 app

278 3680 304 3730 et
321 3672 337 3727 i
355 3677 383 3729 in
400 3694 499 3730 rasura
513 3696 575 3731 corr
586 3679 614 3729 A
626 3673 741 3747 appelai
754 3679 789 3731 H
874 3681 889 3731 8
902 3675 1015 3731 hominu
1027 3679 1055 3729 A
1066 3675 1176 3730 homme
1188 3679 1215 3733 B
1226 3675 1317 3730 homi·

278 3781 340 3816 uem
351 3763 519 3816 Heinaianae
606 3761 912 3840 9quoiul'BHCu1us
932 3764 985 3829 (sic)
999 3766 1054 3816 Ae
1072 3781 1135 3816 carr
1215 3761 1316 3817 sulmo-
1362 3760 1365 3764 ⁴

277 3883 333 3920 reci
362 3884 425 3919 corr
447 3882 595 3934 *uimgrem
619 3869 647 3921 Β
669 3842 744 3937 l§ieci
768 3868 804 3921 H
934 3868 964 3918 10
987 3866 1075 3920 haber
1091 3867 1120 3920 Β
1142 3864 1247 3920 habent
1268 3863 1318 3920 scd

279 3969 329 4004 ens
347 3959 372 4005 et
385 3953 542 4020 proximum
561 3970 576 4005 ο
595 3952 624 4005 in
642 3970 740 4006 rasura
757 3955 785 4005 A
803 3952 908 4006 habent
918 3952 921 3958 '
932 3953 969 4006 H
1109 3949 1319 4022 oportunuatel'

278 4057 373 4109 ΑΒΗ
477 4021 659 4126 habi-tatesq
679 4057 707 4110 B
823 4057 851 4107 11
872 4054 989 4125 rehuqm
1006 4059 1034 4109 A
1138 4027 1315 4124 modilramo·

278 4175 341 4212 nem
360 4160 396 4212 H
512 4175 595 4228 uimq;
622 4177 683 4213 corr
701 4164 804 4228 uim-q
823 4159 851 4211 Β
874 4132 1006 4228 uimqi⁹A
1023 4175 1162 4237 uim-quq
1182 4159 1218 4212 H
1288 4181 1301 4213 a
