3030 4876
575 382 598 422 11
618 371 657 433 17,
672 371 705 421 42
1098 373 1158 434 125

124 543 233 606 exitus
261 540 441 605 consecuti:
472 549 532 604 nos
554 541 611 624 qui
633 540 725 603 illam
749 542 917 604 custodem
940 542 1030 605 urbis
1053 543 1160 606 omni-

123 649 186 710 bus
210 645 330 729 ereptis
352 644 471 708 nostris
493 646 590 707 rebus
613 665 650 706 ac
673 644 809 727 perditis
837 644 954 708 uiolari
982 647 1022 708 ab
1050 645 1160 729 impiis

123 750 211 834 passi
233 771 301 812 non
324 769 436 810 sumus
452 769 588 829 eamque
605 770 646 810 ex
667 757 778 810 nostra
800 748 896 810 domo
918 747 954 810 in
976 748 1079 831 ipsius
1101 771 1160 832 pa-

124 853 183 916 tris
207 853 341 915 domum
364 851 551 929 detulimus,
573 850 697 914 iudicia
711 860 852 928 senatus
869 851 993 928 Italiae,
1012 851 1162 935 gentium

125 955 268 1038 denique
290 954 439 1018 omnium
463 965 673 1016 conseruatae
695 953 820 1037 patriae
843 954 1011 1017 consecuti
1034 975 1159 1032 sumus3
1180 976 1192 1015 5

125 1080 191 1142 quo
214 1057 295 1140 quid
316 1057 464 1120 accidere
487 1056 596 1140 potuit
617 1055 745 1119 homini
773 1057 994 1140 praeclarius?
1022 1078 1162 1140 quorum

125 1162 247 1224 scelere
269 1157 444 1244 religiones
467 1170 539 1222 tum
556 1169 735 1242 prostratae
752 1160 967 1242 adflictaeque
983 1169 1069 1237 sunt,
1087 1180 1163 1242 par-

126 1264 188 1327 tim
210 1285 251 1325 ex
273 1263 338 1326 illis
361 1263 507 1326 distracti
531 1285 568 1325 ac
592 1261 739 1345 dissipati
763 1262 881 1341 iacent,
899 1263 956 1346 qui
972 1284 1051 1325 uero
1067 1262 1162 1325 exiis

126 1377 160 1430 et
182 1367 301 1429 horum
324 1367 485 1429 scelerum
506 1365 671 1449 principes
693 1365 825 1429 fuerant
849 1377 881 1429 et
895 1376 1023 1450 praeter
1040 1375 1162 1428 ceteros

126 1470 162 1533 in
186 1469 276 1533 omni
298 1469 455 1553 religione
478 1469 570 1552 inpii,
595 1490 663 1532 non
682 1469 790 1531 solum
810 1469 880 1532 uita
894 1468 1068 1551 iqaomiriiu
1084 1490 1159 1530 cru·
1179 1488 1204 1529 io

127 1572 205 1635 ciati
233 1582 330 1655 atque
358 1572 516 1635 dedecore
544 1594 661 1634 uerum
688 1571 788 1635 etiam
816 1573 985 1655 sepultura
1008 1582 1040 1634 et
1068 1571 1162 1634 iustis

128 1675 342 1759 exequiarum
365 1686 550 1738 caruerunt.

127 1862 256 1917 celeriter
274 1866 302 1918 Β
320 1838 551 1940 circumspiciil&
563 1860 661 1916 celeris
680 1866 717 1917 H
800 1866 815 1914 3
835 1881 948 1933 eamque
961 1863 1091 1916 editiones
1104 1879 1164 1914 eam

126 1984 175 2037 qui
192 1969 286 2021 ABH
385 1959 614 2033 4de‘tuhuiiiodo
636 1966 691 2031 (iic)
710 1968 746 2019 H
846 1964 960 2021 senatus
981 1964 1002 2031 (s
1015 1965 1164 2019 uitiatione

127 2057 193 2118 corr)
216 2056 244 2106 A
358 2071 401 2105 ira
419 2052 489 2106 ahae
508 2055 536 2107 Β
651 2050 848 2106 5conseruaie
868 2054 904 2106 H
1011 2055 1115 2122 siquo*
1135 2054 1164 2104 A

231 2139 360 2193 accedere
380 2141 406 2193 B
510 2137 662 2208 preclarius
678 2140 707 2190 A
813 2156 930 2208 quorum
942 2136 1045 2193 scelere
1058 2139 1094 2192 R.
1108 2138 1164 2190 Ste-

123 2227 231 2296 phanus
248 2224 417 2296 quosscelere
436 2228 463 2279 Β
487 2222 656 2294 quosscelere
675 2226 711 2277 H
731 2222 888 2293 quoscelere
912 2227 940 2277 A
1065 2227 1079 2274 7
1103 2240 1166 2276 rum

129 2330 190 2366 corr
207 2330 239 2364 ec
257 2329 319 2365 cum
337 2313 373 2365 H
472 2309 599 2388 postraie
611 2312 639 2362 A
652 2307 778 2379 postrata
796 2310 847 2375 (sic)
864 2311 901 2363 H
908 2309 1021 2379 ,psrrare
1033 2309 1061 2362 B

128 2389 237 2495 adflicie
256 2432 308 2493 que
326 2417 362 2468 H
445 2416 459 2465 8
479 2413 605 2467 distracti
623 2431 654 2466 ac
672 2412 799 2483 dissipati
813 2414 848 2464 R.
863 2413 1012 2481 Stephanus
1031 2409 1165 2512 distracre

128 2518 164 2572 ad
183 2518 211 2571 di
214 2468 313 2597 slipare
337 2517 379 2580 lad
393 2535 446 2587 per
463 2535 588 2569 rasuram
605 2516 767 2569 mutatam
755 2534 784 2568 iri
803 2520 841 2580 ac)
860 2518 888 2567 A
908 2514 1041 2568 distracre
1059 2513 1094 2581 ad
1112 2510 1165 2565 dis-

129 2604 218 2674 sipare
235 2605 272 2657 H
285 2571 434 2656 distractae
452 2619 483 2655 ac
502 2600 661 2672 disputatae
680 2602 726 2654 sed
744 2619 804 2654 corr
822 2599 968 2670 dissipatae
984 2601 1013 2653 B
1075 2615 1164 2700 iqm*

129 2709 200 2774 (fuit
219 2706 297 2777 quid)
317 2709 345 2758 A
365 2705 433 2775 quid
450 2707 516 2759 ΒΗ
640 2722 673 2758 ex
691 2702 736 2756 his
752 2705 776 2758 ἃ
796 2704 866 2757 horu
885 2704 951 2757 ΒΗ
965 2719 998 2755 ex
1015 2666 1118 2767 hisdioa
1136 2704 1164 2753 A

234 2796 250 2845 9
269 2793 383 2846 fuerant
399 2809 461 2844 corr
478 2791 508 2843 iii
526 2790 643 2843 suerum
661 2793 689 2843 A
795 2787 902 2842 ceteros
914 2791 951 2843 H
1053 2789 1083 2839 io
1103 2785 1166 2840 reli-

130 2897 212 2949 gione
230 2897 291 2931 corr
309 2895 338 2930 ni
357 2880 385 2929 A
474 2894 543 2946 inpii
557 2879 585 2929 A
602 2894 680 2946 impii
699 2877 764 2930 BH
850 2892 908 2927 uita
926 2891 1045 2927 cruciari
1058 2874 1164 2933 ΑΒΗ,-

130 2965 260 3019 oration'ir
277 2966 402 3034 sormam
419 2964 488 3016 tanc
501 2962 594 3033 saissa
607 2968 691 3032 pato:
717 2979 772 3015 non
792 2959 880 3014 solum
898 2959 957 3013 uita
974 2959 1166 3028 (excesserunt

130 3050 307 3118 conscientia)
325 3049 440 3103 cruciati
452 3056 535 3118 atque
548 3048 691 3112 dedecore,
707 3065 804 3100 uerum
823 3046 905 3100 etiam
924 3044 1086 3116 sepultura.
1103 3087 1108 3097 .
1123 3062 1166 3098 ca-

130 3142 258 3199 ruerunt;
279 3137 319 3202 [iii
331 3136 441 3189 eandem
458 3134 615 3188 sententiam
634 3152 703 3186 ruric
721 3133 872 3201 ignominia
890 3133 986 3185 addidi
1007 3133 1091 3201 (quod
1104 3136 1166 3201 post

131 3223 190 3275 uita
203 3222 293 3292 facile
311 3221 414 3291 ncplipi
424 3221 530 3291 potuit·
550 3222 587 3289 cf.
606 3220 637 3272 de
655 3239 711 3290 rep.
732 3223 755 3282 5,
776 3221 801 3283 4,
823 3222 838 3272 6
857 3217 1036 3287 ignominiam
1054 3215 1167 3285 fugiunt

131 3326 162 3362 ac
175 3308 315 3372 dedecus),
330 3312 360 3360 at
378 3312 526 3360 caruerunt
543 3311 569 3358 et
586 3307 623 3358 ad
640 3305 698 3357 uita
717 3310 741 3358 et
753 3306 789 3358 ad
801 3302 943 3374 sepultura
956 3307 1104 3374 referretur
1120 3305 1164 3372 (cf.

132 3396 337 3458 disserenat,
353 3396 394 3457 22,
411 3393 440 3444 31
463 3410 525 3445 eum
541 3391 621 3445 breui
640 3390 730 3461 spatio
748 3408 803 3443 non
818 3390 899 3444 modo
912 3389 1008 3442 uiuere
1021 3388 1070 3441 sed
1083 3387 1166 3441 etiam

132 3479 242 3551 sepeliri
259 3479 484 3550 prohibuerunt),
505 3478 574 3547 quod
590 3496 619 3530 eo
631 3477 750 3547 facilius
759 3477 832 3547 fleri
842 3476 961 3545 potuisse
976 3475 1085 3528 uidetur
1102 3474 1166 3544 quia

132 3585 231 3631 carere,
253 3566 371 3620 caruisse
388 3567 424 3619 ad
440 3565 496 3618 aim
513 3565 653 3617 uerborum
667 3562 786 3631 prieurs,
809 3562 929 3615 amittere
947 3561 1064 3614 accedit:
1084 3560 1120 3626 cs.
1134 3561 1165 3612 de

132 3653 187 3705 iria.
198 3655 232 3716 ’1,
248 3655 289 3715 55,
307 3653 354 3704 108
372 3649 469 3704 hostili
486 3649 516 3702 in
533 3656 607 3703 terra
624 3648 744 3720 turpiter
762 3647 849 3702 iacuit
871 3646 1040 3718 insepultus,
1065 3664 1080 3698 a
1099 3645 1165 3698 feris

133 3738 180 3790 diu
199 3745 326 3802 uexatus,
347 3735 484 3790 communi
496 3753 606 3805 quoque
622 3735 726 3788 honore
744 3735 773 3787 in
790 3741 877 3788 morte
896 3733 999 3797 caruit,
1022 3733 1121 3785 Seneca
1134 3732 1166 3784 dc

132 3824 179 3876 uit.
194 3823 259 3876 beat.
273 3842 294 3876 c.
310 3825 372 3887 14,1
387 3823 475 3892 prima
488 3822 578 3874 uirtus
592 3828 636 3874 eat
649 3862 654 3873 .
668 3862 674 3873 .
688 3821 708 3872 ii
720 3820 768 3890 qui
781 3819 919 3888 uoluptati
935 3817 1075 3872 tradidere
1092 3815 1167 3886 prin-

133 3909 218 3979 cipia,
239 3916 357 3979 utroque
376 3925 502 3962 caruere:
527 3906 661 3960 uirtutem
684 3906 756 3959 enim
777 3909 850 3971 [una]
871 3905 1009 3958 amittunt.
1034 3903 1167 3957 Horatius

132 4001 182 4048 sat.
196 3997 313 4059 2,3‚196
326 4011 468 4064 perquem
483 3998 526 4045 tot
543 3992 659 4045 iuuenes
676 3991 766 4062 patrio
785 4008 898 4044 caruere
916 3989 1060 4060 sepulcro]

132 4083 163 4143 111
185 4081 242 4151 adq;
264 4084 300 4135 H
399 4096 497 4132 uerum
514 4081 570 4142 (uer
588 4079 617 4131 ia
629 4082 734 4143 rasura)
750 4079 778 4129 A
885 4078 915 4128 12
935 4073 1125 4144 exsequiarum
1138 4073 1167 4125 B

133 4165 323 4236 exsequiarum
344 4168 391 4221 aed
409 4164 423 4219 Γ
439 4183 516 4219 crasa
535 4167 563 4217 A
591 4181 767 4233 exequiarum
786 4166 822 4217 H
927 4165 1076 4214 caruerunt
1098 4159 1167 4211 dete-
