2940 4890
359 319 419 380 134
769 327 792 366 11
810 317 851 379 20,
867 316 978 366 49-50

357 498 423 550 tem
445 487 605 570 pecuniae
621 485 736 570 capiat,
755 497 812 548 aut
834 486 861 549 si
883 486 987 550 maior
1008 508 1082 570 pars
1104 485 1268 571 pecuniae
1283 485 1396 571 legata

358 601 406 652 est
427 590 454 651 si
476 589 553 652 inde
577 589 747 673 quippiam
770 589 901 672 ceperit.
924 590 981 652 sed
996 589 1186 673 pontificem
1201 600 1442 673 sequamur.50

357 693 476 756 uidetis
498 692 599 776 igitur
622 692 732 756 omnia
753 693 895 775 pendere
920 714 960 754 ex
982 714 1049 755 uno
1071 691 1137 771 illo,
1163 693 1252 774 quod
1280 694 1396 776 ponti-

356 797 434 858 fices
457 817 533 858 cum
554 795 697 879 pecunia
719 817 808 858 sacra
832 794 988 879 coniungi
1010 794 1128 858 uolunt
1149 788 1324 879 isdemque
1343 796 1396 860 fe-

326 899 420 962 rrias
448 910 480 961 et
509 898 721 962 caerimonias
750 899 978 961 adscribendas
1005 909 1132 981 putant.
1161 909 1260 981 atque
1292 899 1397 963 etiam

357 1002 437 1064 dant
459 1001 521 1065 hoc
537 1000 722 1078 Scaeuolae,
753 1023 852 1083 quom
875 1012 923 1064 est
944 1001 1084 1084 partitio,
1110 1011 1155 1080 ut,
1181 1001 1268 1065 siin
1291 1012 1396 1066 testa-

357 1115 467 1167 mento
491 1105 631 1167 deducta
653 1104 774 1187 scripta
795 1126 863 1167 non
885 1104 927 1167 sit
949 1104 1076 1189 ipsique
1103 1104 1214 1168 minus
1241 1106 1396 1189 ceperint

357 1229 455 1290 quam
485 1207 637 1270 omnibus
665 1197 841 1271 heredibus
870 1207 1088 1290 relinquatur,
1120 1206 1218 1271 sacris
1243 1230 1290 1272 ne
1318 1209 1395 1272 alli-

356 1320 483 1394 gentur.
507 1310 544 1372 in
566 1308 741 1373 donatione
763 1311 826 1374 hoc
848 1310 936 1373 idem
958 1333 1051 1374 secus
1072 1311 1342 1394 interpretantur,
1362 1324 1396 1376 et

314 1432 338 1473 10
357 1414 444 1496 quod
465 1424 558 1497 pater
579 1413 720 1476 familias
741 1413 777 1475 in
800 1414 870 1504 eius
886 1413 1069 1492 donatione,
1088 1413 1146 1496 qui
1159 1413 1196 1476 in
1210 1413 1318 1497 ipsius
1331 1437 1395 1499 po-

356 1527 471 1580 testate
501 1527 557 1595 est,
588 1517 788 1600 adprobauit,
818 1528 926 1579 ratum
954 1528 1015 1595 est,
1045 1517 1133 1600 quod
1159 1538 1198 1580 eo
1226 1517 1394 1583 insciente

356 1727 664 1734 ————-

356 1853 535 1946 uuna‘parte
553 1893 675 1945 pecumae
683 1877 686 1944 l
695 1893 789 1945 capiat
797 1903 803 1915 ·
811 1877 875 1945 Autl
885 1875 905 1929 11
923 1894 1010 1930 maior
1028 1875 1093 1946 pars
1101 1875 1203 1945 sumta
1215 1883 1296 1931 suut:
1309 1877 1394 1932 iulo·

356 1981 386 2015 co
404 1981 466 2016 raso
485 1979 578 2032 pariae
596 1961 691 2015 uideor
708 1979 850 2034 canescere
985 1965 997 2015 1
1019 1962 1084 2032 pars
1098 1961 1223 2032 peciniae
1239 1965 1269 2016 A

356 2051 371 2100 2
390 2065 514 2118 coeperit
531 2050 587 2102 AB
605 2065 711 2127 ceperit
722 2049 758 2101 H
822 2047 988 2118 pontificem]
1003 2049 1163 2103 Scaeuolam
1178 2048 1254 2113 dicit,
1272 2067 1352 2119 quem
1359 2070 1393 2123 p.

359 2136 416 2198 133,
434 2136 464 2185 10
482 2134 638 2198 nominauit,
651 2133 696 2186 eui
707 2134 801 2188 ibidem
810 2130 939 2203 ‘antiqui'
955 2139 1130 2204 opperiuntur,
1142 2135 1245 2188 errauit
1256 2136 1394 2191 Halmius

460 2238 475 2287 3
493 2235 564 2307 pede
581 2211 728 2307 compelle
745 2239 808 2291 lue.
826 2237 947 2307 pendere
965 2240 1000 2292 H
1099 2237 1242 2308 pontifices
1263 2256 1327 2293 cum
1345 2257 1394 2310 pe·

356 2339 437 2394 cunia
455 2357 532 2393 sacra
544 2340 582 2391 M
581 2339 707 2409 uduipius
721 2343 797 2410 (Opp.
811 2344 835 2406 2,
850 2343 905 2406 156)
924 2340 1061 2411 pontificu
1073 2316 1185 2418 pecunfa
1196 2316 1272 2396 sacri
1283 2344 1313 2395 A
1323 2360 1393 2413 pon-

354 2442 602 2512 tificumlpecuma
620 2442 693 2496 sacro
713 2446 782 2507 (corr
799 2463 830 2497 ee
848 2443 931 2508 socio]
951 2447 979 2499 Β
995 2443 1162 2514 pontificum
1179 2460 1297 2514 pecunia
1315 2443 1393 2499 ss‘cro

356 2546 495 2598 cungungi
510 2529 567 2594 (sic)
584 2530 621 2582 H
711 2534 727 2583 4
745 2529 837 2595 ferias]
853 2528 1021 2584 hereditates
1039 2531 1221 2584 Memmeemes
1314 2533 1330 2582 5
1348 2547 1393 2610 cq-

355 2614 492 2669 remonial
506 2618 534 2668 A
552 2615 713 2669 cerimonias
729 2617 766 2668 H
885 2617 982 2685 putail
1000 2634 1062 2669 cerr
1078 2635 1110 2669 ea
1127 2632 1213 2685 putat
1229 2619 1258 2670 A

477 2703 492 2753 6
510 2700 634 2754 sceuolae
651 2702 679 2754 B
698 2700 804 2780 loquele
823 2704 857 2756 H
980 2719 1063 2771 quom
1080 2701 1215 2756 Dcuisiue
1232 2701 1309 2772 quod
1328 2701 1390 2773 (qd)

355 2788 450 2841 ΑΒΗ
468 2787 513 2856 Of.
530 2788 688 2857 Maduipius
703 2789 774 2857 Opp.
789 2789 813 2853 2,
831 2790 887 2841 150.
983 2805 1101 2858 particio
1119 2787 1246 2842 distincte
1263 2791 1301 2843 H
1396 2788 1400 2793 ’

357 2877 418 2928 Hae
431 2891 532 2926 commu
544 2873 619 2943 quod
638 2880 679 2927 est
696 2873 818 2944 partitio,
839 2874 910 2944 qaod
927 2891 959 2926 ex
973 2892 1001 2943 p.
1019 2875 1077 2939 137,
1092 2875 1107 2926 3
1126 2873 1318 2943 interpolatum
1334 2892 1390 2928 esse

357 2959 486 3014 Halmius
504 2964 529 3012 ei
547 2960 675 3013 Baiterus
688 2960 779 3013 Balaio
798 2960 975 3024 crediderunt,
997 2977 1056 3013 cum
1073 2960 1215 3027 manifesto
1231 2960 1391 3014 tanmem

355 3045 502 3099 sententiae
519 3045 633 3111 tollitur,
651 3051 680 3098 ut
698 3051 722 3098 et
739 3046 787 3100 illu
805 3066 831 3099 u.
849 3048 860 3097 1
876 3045 900 3099 si
911 3045 998 3099 maior
1010 3063 1074 3115 pars
1085 3044 1219 3116 pecuniae
1228 3044 1322 3116 legate
1334 3052 1387 3111 est,

356 3133 449 3202 quibus
466 3131 580 3200 demptis
594 3131 712 3201 pendeat
724 3132 893 3201 proximati
910 3132 974 3186 inde
986 3130 1136 3201 quippiam,
1150 3131 1255 3185 iniuria
1266 3130 1391 3200 dabam

443 3222 457 3270 7
476 3217 596 3271 deducta
608 3217 704 3282 ABH,
725 3220 796 3287 quael
812 3239 867 3272 esse
874 3236 929 3288 pro
941 3216 1105 3272 deductione
1121 3217 1258 3270 Turnebus
1269 3217 1391 3271 adnota-

354 3305 404 3369 ue't,
424 3305 471 3374 qui
487 3306 557 3374 quod
574 3303 716 3357 remissam
728 3322 783 3373 pro
801 3304 961 3359 remissione
975 3304 1109 3375 Cypriani
1117 3321 1167 3358 usu
1179 3305 1267 3375 affert,
1280 3307 1392 3372 poterat

355 3395 380 3443 et
398 3389 537 3454 offensam,
557 3389 697 3459 repulsam
715 3391 805 3454 citare,
823 3396 847 3443 et
858 3391 953 3444 melius
964 3388 1107 3444 collectam
1122 3391 1162 3455 (de
1174 3407 1213 3443 or.
1225 3392 1251 3455 2,
1260 3392 1303 3454 57,
1312 3391 1388 3455 233);

355 3492 483 3546 deductio
497 3493 601 3546 Baebio
618 3499 724 3546 auctore
736 3494 867 3547 Halmius
879 3500 903 3546 et
915 3494 1044 3547 Baiteruc
1129 3493 1181 3563 ipsi
1197 3483 1267 3563 quie
1284 3496 1314 3548 Β
1336 3493 1392 3564 ipsi

354 3596 407 3656 quq
421 3579 457 3631 H
464 3596 523 3648 ipse
541 3597 610 3648 quae
628 3598 689 3632 corr
701 3578 807 3649 ipsique
818 3582 846 3632 A
915 3597 1060 3649 coeperint
1070 3582 1127 3633 AB
1139 3596 1264 3655 ceperint
1276 3581 1314 3633 H

356 3667 371 3717 8
389 3663 544 3733 reliquatur
561 3669 588 3718 A
692 3668 708 3717 9
727 3665 905 3719 donationem
922 3669 950 3720 Β
1053 3665 1105 3720 hoc
1117 3665 1191 3720 idem
1206 3695 1242 3704 -
1258 3668 1290 3718 10
1303 3663 1391 3744 donp-

354 3751 430 3804 tione
447 3769 489 3804 oea
507 3753 543 3805 H
658 3752 731 3805 idem
749 3753 807 3826 AB,
824 3752 961 3816 (Halmius
979 3755 1063 3817 errat)
1185 3767 1260 3805 mter
1276 3767 1391 3833 pietan-

354 3873 403 3908 tur
420 3858 447 3907 A
517 3860 544 3907 et
561 3854 652 3907 omisit
669 3855 820 3909 Lambinus
896 3858 926 3907 10
945 3873 1028 3925 pater
1039 3859 1152 3925 praeter
1168 3873 1186 3925 p
1203 3855 1234 3908 ia
1250 3855 1391 3908 reuercA

471 3939 641 4010 quinlipsiul
657 3942 694 3994 H
803 3948 940 4011 potestate
958 3948 1031 3996 esset
1047 3942 1174 3995 editiones
1189 3945 1327 4011 potestate
1345 3946 1392 3995 eu

359 4028 508 4081 Guilelmus
521 4027 608 4080 carae
626 4026 752 4096 potestas
756 4025 815 4080 δεῖ
832 4031 859 4080 A
877 4027 1002 4098 potestas
1017 4011 1055 4081 ebe
1072 4029 1138 4082 BH
1238 4027 1267 4079 ll
1287 4041 1390 4097 appro-

354 4112 432 4166 bauit
444 4113 573 4166 editiones
584 4112 763 4183 adpropiauit
775 4114 867 4167 ΑΒΗ
937 4113 1070 4168 insciente
1083 4116 1107 4179 (e
1113 4113 1196 4182 prius
1207 4128 1239 4166 ea
1249 4129 1267 4165 a
1277 4113 1347 4178 cort)
1362 4113 1392 4166 A
