3030 4876
241 362 284 424 40
412 329 414 333 ’
655 357 726 420 113,
747 357 859 408 as-ao

243 539 443 607 manserunt,
468 529 539 592 siue
554 528 764 593 Aristotelem
785 538 818 592 et
832 528 1103 614 Theophrastum,
1122 551 1200 593 oum
1214 530 1285 598 illie

244 631 454 716 congruentis
480 654 523 709 re,
552 654 672 716 genere
695 631 835 696 docendi
855 631 994 715 paulum
1016 631 1204 712 differentis,
1229 655 1285 696 se·

245 735 313 798 euti
335 745 421 811 sunt,
446 734 524 813 siue,
550 745 588 798 ut
608 735 735 800 Zenoni
755 735 866 799 uisum
889 745 944 810 est,
976 736 1073 798 rebus
1098 757 1167 799 non
1187 757 1285 799 eom-

244 837 380 900 mutatis
410 836 661 902 inmutauerunt
689 838 862 915 uocabula,
894 837 964 900 siue
992 837 1092 902 etiam
1117 839 1284 903 Aristonis

208 961 222 999 o
244 941 415 1005 difficilem
437 951 535 1023 atque
558 942 702 1020 arduam,
719 942 777 1004 aed
790 940 858 1003 iam
872 951 983 1004 tamen
999 941 1136 1006 fractam
1151 952 1185 1005 et
1200 963 1283 1006 oon-

244 1044 368 1108 uietam
390 1055 512 1108 sectam
534 1045 637 1108 secuti
660 1055 745 1123 aunt,
770 1054 808 1107 ut
826 1043 1005 1108 uirtutibus
1020 1044 1166 1128 exceptis
1181 1054 1283 1128 atque

245 1147 336 1211 uitiis
358 1158 467 1211 cetera
488 1147 525 1211 in
547 1169 675 1210 summa
697 1147 893 1230 aequalitate
915 1157 1084 1231 ponerent,
1109 1146 1150 1210 iis
1172 1147 1282 1211 omni-

243 1252 306 1314 bus
327 1251 417 1329 haec,
443 1273 527 1335 quae
550 1250 627 1330 dixi,
652 1252 841 1335 probantur.
865 1249 927 1313 sibi
950 1260 1061 1313 autem
1075 1249 1334 1334 indulgentis39

245 1365 278 1417 et
301 1354 428 1438 corpori
451 1354 666 1418 deseruientis
687 1363 786 1437 atque
808 1352 928 1431 omnia,
950 1375 1033 1436 quae
1048 1363 1230 1436 sequantur
1243 1352 1282 1416 in

200 1472 227 1513 1⁰
245 1457 315 1520 uita
338 1479 486 1541 quaeque
509 1457 646 1542 fugiant,
672 1456 897 1540 uoluptatibus
920 1467 953 1519 et
971 1455 1138 1519 doloribus
1153 1456 1282 1538 ponde-

244 1560 355 1638 rantis,
386 1560 486 1624 etiarn
513 1560 541 1623 si
568 1581 647 1622 uera
674 1558 798 1638 dieunt,
822 1558 908 1622 nihil
931 1558 1021 1622 enim
1042 1579 1124 1642 opus
1146 1568 1196 1622 est
1217 1558 1282 1622 boo

244 1663 315 1726 loco
349 1663 475 1741 litibus,
506 1663 542 1726 in
569 1662 709 1726 hortulis
735 1663 803 1726 suis
828 1663 1000 1725 iubeamus
1027 1661 1147 1738 dicere,
1180 1671 1280 1744 atque

245 1765 345 1829 etiam
371 1766 411 1827 ab
438 1766 529 1828 omni
556 1764 709 1829 societate
737 1765 785 1830 rei
812 1762 976 1850 publicae,
1006 1764 1123 1847 quoius
1152 1775 1282 1848 partem

245 1890 307 1932 nec
338 1879 461 1931 norunt
493 1868 596 1930 ullam
628 1890 736 1951 neque
767 1889 925 1950 umquam
959 1888 1052 1930 nosse
1084 1867 1278 1944 uoluerunt,

247 2127 259 2176 1
279 2123 396 2178 mansur’
419 2125 452 2189 (b.
466 2144 488 2179 a.
502 2124 673 2190 mansurum)
696 2130 827 2178 mutatum
844 2125 874 2178 io
892 2123 1039 2178 mansum-s
1051 2127 1080 2179 B
1095 2123 1281 2178 mansuarrser

249 2211 296 2274 (ns
309 2211 340 2264 io
357 2228 455 2264 rasura
473 2227 542 2275 corr,
557 2211 621 2282 ficit
636 2211 693 2265 oiri
702 2211 793 2282 fallor
805 2210 986 2265 mansuetum
1002 2212 1047 2264 uel
1062 2209 1232 2276 mansurum)
1254 2212 1283 2262 A

243 2295 353 2352 mansei
368 2296 537 2352 Heinrionur
646 2295 791 2351 aristotele
808 2315 870 2350 corr
885 2296 912 2349 le
930 2299 958 2352 B
975 2294 1114 2351 ansronle
1132 2295 1179 2350 aad
1195 2294 1282 2349 toule

245 2402 274 2455 ἐπ
291 2418 390 2454 rasura
407 2403 435 2453 A
453 2399 597 2454 aristotele
614 2402 651 2453 H
732 2374 931 2470 theoph'astum
945 2404 972 2454 A
989 2365 1137 2470 theplasu'r
1155 2401 1183 2454 Β
1199 2398 1282 2452 theo-

244 2503 361 2575 phrasti
380 2505 416 2558 H
507 2503 574 2558 dum
590 2478 648 2557 ulls
656 2507 683 2558 A
702 2503 739 2556 dir
756 2478 812 2570 illis
827 2505 855 2557 B
873 2520 935 2557 eum
952 2501 994 2557 1111
1008 2503 1178 2557 Haterianus

244 2593 261 2644 2
280 2589 461 2659 congruentis
474 2593 502 2643 A
520 2588 701 2658 congruentis
716 2607 778 2643 eorr
793 2588 841 2643 res
853 2589 881 2641 B
898 2588 1085 2658 congruentes
1092 2590 1128 2643 H
1240 2604 1280 2642 re·

246 2693 345 2745 genere
364 2676 393 2728 io
411 2693 510 2729 rasura
528 2678 554 2727 A
657 2674 814 2729 differenus
827 2677 856 2728 A
873 2673 1029 2730 differentis
1043 2693 1105 2728 corr
1120 2673 1168 2728 res
1182 2674 1210 2727 B
1228 2672 1283 2727 dis·

245 2760 368 2816 ferentes
385 2763 421 2815 H
528 2762 544 2811 3
561 2778 665 2816 zenone
682 2763 711 2813 A
727 2777 831 2815 zenone
849 2779 911 2814 corr
926 2779 956 2815 m
973 2764 1001 2816 B
1017 2759 1131 2815 zenonis
1146 2761 1183 2813 H

243 2832 271 2918 st
290 2866 318 2918 B
335 2871 367 2917 e*
385 2867 413 2917 A
435 2863 506 2933 (suit
521 2880 553 2917 et
571 2863 601 2917 io
617 2867 749 2934 utroque),
770 2863 814 2918 esr
832 2866 868 2918 H
954 2861 1136 2917 commutans
1152 2862 1284 2917 Heloria-

241 2987 296 3047 'nur
314 2941 568 3041 communiuntur
585 2965 769 3020 eomumeans
782 2969 829 3020 aad
846 2973 878 3021 eo
896 2971 964 3020 etro
981 2984 1042 3019 corr
1058 2969 1087 3018 A
1199 2968 1216 3016 4
1233 2982 1284 3018 rm·

245 3052 383 3108 mutauer’
399 3055 427 3106 Β
530 3051 676 3106 tdrffrerle
694 3071 755 3107 corr
771 3052 838 3108 1513
940 3053 967 3105 tc
984 3059 1115 3106 oonurera
1132 3051 1236 3106 seetam
1254 3051 1284 3105 io

245 3174 344 3211 roaura
361 3159 390 3209 A
482 3159 499 3209 6
516 3121 648 3210 umoril
663 3159 691 3211 B
708 3156 840 3210 urnuub·
859 3174 921 3210 oorr
937 3174 969 3209 ea
985 3154 1107 3208 umuus
1121 3157 1149 3207 A
1167 3169 1283 3207 uirtuti-

246 3243 301 3297 bus
317 3243 353 3296 H
458 3245 473 3294 'l
492 3241 572 3296 urens
586 3246 614 3294 A
718 3243 807 3296 astera
824 3243 854 3296 in
873 3260 972 3295 rasura
989 3243 1017 3293 A
1035 3257 1128 3319 cetera
1148 3241 1185 3293 H

247 3344 456 3416 equahrareH,
476 3362 537 3398 corr
555 3361 588 3423 eq
606 3346 634 3398 B
734 3345 761 3399 1s
770 3349 798 3399 A
815 3321 840 3399 ls
848 3346 876 3399 B
892 3344 938 3398 lns
948 3346 985 3399 H
1080 3342 1283 3412 ShaequaeA

246 3424 305 3503 baec
316 3465 387 3518 quae
404 3450 433 3502 Β
449 3464 519 3526 *que
539 3449 575 3501 H
690 3448 842 3519 probentur
863 3448 1014 3511 lbrnebua,
1033 3448 1080 3501 rod
1099 3446 1193 3501 addita
1215 3446 1285 3502 haee
1342 3448 1345 3453 ’

247 3552 318 3604 quae
335 3532 394 3587 dixi
412 3532 551 3587 declarant
568 3540 690 3603 coeptam
709 3534 854 3587 orationem
871 3554 926 3589 erre
941 3533 1096 3588 derelictam
1192 3530 1284 3586 rudul-

247 3619 348 3691 genres
361 3618 409 3685 (ns
415 3623 482 3683 oorr)
496 3620 524 3672 A
541 3619 593 3684 (aie)
610 3618 784 3689 mdulgenns
793 3638 855 3673 corr
864 3618 912 3674 tes
921 3620 948 3672 B
959 3618 1141 3688 mdulgentes
1149 3619 1186 3672 H

247 3703 467 3759 tldeserurenus
481 3723 541 3758 corr
559 3703 606 3758 tes
614 3708 669 3759 AB
682 3703 873 3760 deserurentes
882 3708 919 3759 H
1013 3707 1134 3775 loquerp
1149 3706 1186 3758 H
1213 3704 1215 3708 ’

247 3789 447 3862 uoluptatibus
466 3794 491 3860 sp
510 3808 541 3843 ee
559 3809 577 3844 n
595 3796 663 3856 corr)
683 3793 719 3845 H
809 3790 993 3861 ponderanns
1007 3811 1066 3846 oorr
1082 3791 1130 3845 tes
1143 3794 1201 3846 AB
1217 3806 1285 3862 pon-

248 3877 381 3932 derantes
397 3878 433 3931 H
540 3881 568 3929 11
589 3879 615 3931 &
632 3891 688 3931 Iam
710 3882 778 3943 (corr
796 3882 887 3943 eriam)
912 3879 948 3931 H
1052 3879 1084 3930 12
1105 3876 1239 3932 monuhs
1255 3877 1290 3931 H

355 3965 785 4030 neumoorrenmlff.
839 3963 1288 4017 omneeorrommABoriuH

353 4067 488 4121 sotietate
506 4070 533 4120 A
635 4067 755 4138 quolrus
771 4068 807 4121 H
818 4041 920 4150 lpuprus
934 4069 963 4122 B
980 4065 1061 4120 eurus
1079 4069 1121 4130 (eu
1138 4066 1169 4120 in
1186 4083 1285 4121 raram

246 4159 315 4220 corr>
333 4157 360 4206 A
467 4156 499 4205 14
516 4170 615 4208 norum
631 4152 736 4208 nullam
754 4171 816 4207 ema·
832 4169 937 4207 norunt
953 4151 1059 4218 bullam
1076 4153 1105 4205 B
1121 4150 1286 4206 noruntml-
