3030 4876
677 331 700 371 11
720 321 760 382 15,
776 321 808 370 38
1200 322 1259 381 119

225 493 324 556 bitur.
353 491 517 555 adsentiar
540 491 628 554 enirn
649 491 781 554 Platoni
804 490 889 553 nihil
912 502 979 553 tam
1002 490 1098 552 facile
1126 491 1162 553 in
1189 491 1261 553 ani-

226 617 296 658 mos
319 606 447 658 teneros
470 604 567 676 atque
590 594 705 657 malles
727 593 866 656 influere
883 615 982 675 quam
997 593 1104 656 uarios
1121 595 1261 657 canendi

226 720 331 777 sonas,
357 719 496 780 quorum
519 696 585 759 dici
607 697 665 759 uix
687 707 794 780 potest
817 707 939 779 quanta
962 696 1003 759 sit
1018 696 1069 759 uis
1084 696 1121 758 in
1136 708 1261 760 utram-

226 824 290 884 que
317 813 456 885 partem:
487 821 629 882 namque
657 811 689 863 et
711 800 828 862 incitat
849 800 1044 882 languentes
1068 809 1100 863 et
1121 800 1261 884 langue-

224 904 305 967 faait
328 903 485 966 excitatos
509 913 541 966 et
563 914 634 966 tum
657 903 794 966 remittit
822 903 956 979 animas,
985 912 1057 965 tum
1085 903 1290 966 contrahit⁵

226 1007 466 1089 ciuitatumque
488 1006 551 1069 hoc
574 1007 753 1068 multarum
775 1006 811 1068 in
827 1005 967 1070 Graecia
989 1005 1148 1084 interfuit,
1174 1006 1260 1068 anti-

226 1131 327 1193 quom
353 1130 474 1172 uocum
497 1130 690 1172 conseruare
712 1109 862 1186 modum,
888 1130 1028 1190 quarum
1049 1131 1154 1172 mores
1176 1110 1261 1193 lapsi

226 1213 267 1274 ad
290 1212 454 1275 rnoiiitiarn
478 1211 612 1275 mollitis
633 1212 756 1295 pariter
779 1222 856 1274 sunt
878 1211 1033 1275 inmutati
1056 1234 1132 1275 cum
1155 1211 1260 1275 cauti-

225 1435 329 1498 rasura)
351 1434 379 1486 Β
483 1432 591 1486 lfacrh
610 1431 663 1498 (sio)
682 1434 893 1503 superscriptum
911 1436 939 1487 A
959 1400 1019 1489 facie
1033 1436 1069 1488 H
1168 1437 1260 1488 ane-

225 1537 276 1572 ne*
286 1518 289 1589 l
299 1517 347 1572 ros
363 1521 386 1582 (e
404 1520 433 1571 in
441 1521 503 1588 fine
521 1537 613 1572 uersus
630 1523 698 1584 corr)
713 1521 741 1571 A
753 1517 884 1573 tentaras
895 1538 955 1573 corr
966 1520 995 1573 in
1006 1519 1121 1573 teneros
1130 1522 1166 1574 H

225 1587 312 1674 moles
328 1623 356 1675 Β
449 1588 557 1675 infiere
575 1625 604 1675 A
623 1622 758 1695 1nfluuere
775 1625 811 1676 H
894 1624 1001 1676 Nonius
1014 1642 1045 1693 p.
1059 1625 1118 1687 347,
1134 1626 1150 1675 9
1167 1623 1257 1688 molle,

225 1706 314 1771 dulce,
334 1708 486 1761 iucundum
503 1749 508 1760 .
523 1748 548 1760 ..
565 1708 603 1760 M.
617 1707 724 1761 Tullius
743 1707 776 1760 de
795 1708 917 1776 Legibus
934 1706 982 1760 lib.
1001 1705 1079 1761 11‘in
1098 1709 1203 1762 animos
1219 1717 1259 1763 te·

224 1810 306 1846 neros
325 1799 408 1863 atque
426 1793 517 1847 mollis
535 1794 662 1858 influere,
683 1811 766 1862 quam
783 1794 876 1847 uarios
895 1795 1010 1848 canendi
1029 1793 1152 1848 somnos.³

225 1870 305 1974 3di1
324 1900 390 1951 AH
485 1895 538 1950 ursr
557 1904 667 1965 nutraq3
688 1916 749 1951 corr
766 1895 825 1950 urs*
840 1904 965 1967 Jnmrtq,
985 1900 1013 1950 Β
1112 1897 1259 1967 llangue·

224 2002 296 2054 facit
309 1999 328 2060 (l
341 2003 409 2066 corr)
424 2003 451 2052 A
535 2000 636 2066 [Possis
652 2000 754 2069 langue
772 2000 847 2065 facit,
868 2006 898 2053 ut
916 2001 1068 2054 accuratius
1086 2001 1157 2055 inter
1174 2020 1201 2055 se
1219 2002 1259 2055 in-

225 2087 292 2140 citat
307 2085 472 2154 languentes
491 2093 517 2140 et
533 2085 635 2155 langue
654 2087 721 2140 facit
740 2087 872 2140 excitatos
885 2089 1079 2156 respondeant:
1094 2090 1140 2142 sed
1151 2107 1198 2142 nee
1210 2089 1259 2141 loe

224 2173 403 2226 necessarium
427 2173 493 2225 duco
517 2190 600 2242 neque
620 2174 745 2225 Senecam
763 2173 887 2240 Hauptio
911 2173 1042 2226 assentiar
1063 2175 1143 2244 (Opp.
1159 2179 1183 2238 3,
1200 2176 1257 2238 357)

224 2275 275 2311 uos
294 2257 392 2311 domus
409 2258 530 2312 formosa
548 2256 705 2320 insolentes,
728 2275 779 2311 uos
797 2275 863 2328 opes
882 2258 1117 2327 obstupefaciant
1134 2261 1259 2313 maluisse

224 2363 305 2415 quarn
328 2344 566 2414 obstupefaciant,
591 2364 623 2396 ea
646 2345 788 2412 composito
811 2350 840 2397 ut
856 2343 924 2397 facit
945 2346 981 2397 ad
999 2343 1148 2399 insolentes
1167 2348 1258 2400 trabe-

224 2437 308 2494 retur·,
335 2432 408 2482 uelut
431 2431 588 2502 Propertius
607 2432 631 2494 2,
648 2433 688 2494 13,
704 2432 736 2481 37
754 2447 804 2483 nec
822 2429 913 2482 minus
933 2430 1001 2483 haec
1023 2431 1112 2483 nostri
1135 2439 1259 2485 notescet

224 2515 297 2568 fama
316 2515 436 2585 sepulcri
453 2516 544 2574 Quam
556 2516 668 2569 fuerant
678 2515 773 2568 Phtbii
790 2516 872 2569 busta
891 2523 1004 2569 cruenta
1021 2516 1076 2569 uiri
1095 2518 1131 2569 ad
1148 2517 1259 2570 fuerant

224 2621 256 2654 ea
273 2609 397 2655 notescet
414 2603 507 2655 audiri
523 2610 589 2655 nota
606 2602 707 2654 uoluit:
730 2602 833 2655 similia
850 2620 946 2669 praeca
964 2603 1025 2656 uide
1044 2604 1081 2655 acl
1099 2603 1258 2656 Aristotelis

218 2692 290 2755 poet.
306 2691 330 2751 4,
348 2690 414 2739 1448
427 2688 441 2738 b
456 2691 487 2741 37
495 2708 500 2751 3
524 2689 589 2739 1449
602 2706 619 2740 a
630 2691 654 2740 4.
675 2689 795 2742 Ceterum
813 2688 910 2741 incitat
927 2695 952 2742 et
968 2688 1139 2757 languefacit
1152 2690 1189 2742 ad
1200 2688 1258 2740 uim

223 2777 389 2844 referuntur,
410 2793 464 2826 nen
482 2775 551 2842 quod
573 2775 756 2842 capectaucris
778 2776 815 2827 ool
838 2774 954 2827 canendi
972 2793 1067 2838 sonos;
1092 2775 1216 2829 similiter
1234 2781 1259 2826 ct

223 2859 378 2911 insolentius
395 2861 520 2927 sortasse
539 2862 627 2927 pti,
645 2863 674 2912 11
702 2860 781 2913 cuius
804 2859 944 2929 praecepti
966 2866 1043 2914 tanta
1067 2861 1112 2913 uis
1131 2867 1158 2914 et
1181 2867 1258 2914 tanta

223 2943 360 2997 sententia
379 2952 420 2997 est
437 2952 469 2997 ut
488 2963 519 2997 ea
532 2949 657 3014 (expectes
670 2945 706 3010 id)
722 2963 777 2998 non
794 2945 900 2998 homini
919 2946 968 2999 sed
984 2945 1121 3016 Delphico
1140 2946 1191 3000 deo
1209 2947 1258 3000 tri·

221 3030 371 3095 haeretan]
470 3034 485 3080 5
505 3030 684 3102 excnaltatos
700 3033 729 3085 B
823 3038 857 3083 τῇ
874 3049 998 3085 remum
1017 3034 1037 3095 (τ
1055 3033 1084 3086 in
1101 3039 1136 3085 τῇ
1154 3052 1168 3085 e
1185 3036 1255 3098 corr)

223 3115 282 3165 AB
301 3131 363 3166 eum
380 3131 464 3167 remia
483 3116 536 3182 (sic)
555 3117 723 3170 Heinsiunus
839 3136 900 3171 tum
919 3123 939 3184 (τ
957 3135 989 3170 erc
1007 3123 1028 3184 c)
1047 3119 1084 3171 H
1195 3135 1258 3171 con-

221 3235 292 3268 rrau
309 3218 345 3269 H
463 3222 478 3272 6
497 3212 710 3290 οιυιτατῡΙᾳυᾲθ
729 3222 757 3272 A
782 3227 928 3274 clerurraru
951 3213 1021 3289 quae
1039 3222 1068 3274 Β
1091 3221 1258 3291 ciuitatium

222 3319 275 3381 que
294 3305 340 3355 secl
357 3319 368 3356 7
387 3305 500 3357 deletum
517 3307 553 3358 H
653 3305 760 3373 mulina
778 3325 837 3360 carr
856 3322 888 3373 aa
905 3307 934 3360 Β
1038 3324 1128 3386 grene
1146 3310 1175 3360 A
1194 3325 1257 3377 gre-

220 3405 262 3441 na
281 3391 309 3441 Β
327 3406 419 3457 grecia
437 3393 473 3444 H
579 3408 723 3460 anuquom
741 3395 770 3445 A
789 3399 908 3462 annquu
927 3394 955 3446 Β
973 3410 1095 3446 annuum
1113 3395 1149 3447 H

223 3494 238 3541 7
257 3498 372 3544 *ruocu
389 3493 418 3545 in
436 3512 534 3547 rasura
553 3497 581 3547 A
687 3470 920 3549 conserui⁰modu
939 3497 998 3549 AB
1017 3495 1157 3561 (conserua
1175 3497 1256 3551 etiam

221 3578 400 3644 Heinsianus)
421 3581 579 3633 conseruari
599 3582 715 3644 Baletus,
736 3584 807 3651 quod
820 3581 930 3647 euritii,
946 3584 1015 3651 quod
1027 3583 1163 3653 uulqatur,
1173 3601 1256 3652 prae-

214 3666 310 3731 feram
328 3683 386 3717 cuna
403 3667 517 3719 Halmio
536 3671 561 3718 et
579 3667 700 3732 Baitero,
721 3670 808 3721 nescia
923 3667 995 3738 lapsi
1014 3687 1074 3722 corr
1091 3687 1123 3721 ea
1139 3667 1211 3743 lausl
1228 3670 1257 3722 B

359 3769 394 3821 ad
412 3768 580 3838 (mollitiam)
597 3769 711 3823 mollitis
729 3771 829 3840 scripsi
850 3771 885 3824 ad
906 3747 1025 3824 mollitis
1040 3773 1068 3825 Β
1090 3746 1125 3840 ari
1142 3769 1258 3824 mollms

221 3855 389 3907 Heinsianus
408 3856 443 3908 ad
460 3854 609 3908 molhuas*
630 3854 681 3920 (ras
696 3861 763 3922 corr)
778 3859 821 3920 A;
845 3856 968 3923 [mollitis
986 3859 1015 3911 in
1034 3859 1167 3911 communi
1175 3860 1255 3926 fonte

214 3940 307 4009 fecisse
319 3941 449 3995 librorum
461 3943 564 3995 indicia
577 3948 742 4010 coaequant:
764 3945 835 4014 quod
847 3949 877 3996 ut
889 3944 1019 3997 sententia
1031 3944 1181 3997 attendenti
1188 3962 1255 4013 per-

220 4028 314 4079 suadet
331 4046 390 4080 arun
408 4027 535 4081 cantibus
554 4028 722 4082 coniunctum
734 4029 836 4099 fuisse,
851 4030 890 4084 ita
902 4031 967 4084 satis
980 4030 1076 4084 leuiter
1087 4034 1208 4083 mutatur
1226 4031 1255 4082 in

220 4112 351 4166 mollitias
370 4132 429 4167 cunt
448 4115 568 4168 codicurn
588 4115 787 4179 correctoribus,
810 4134 867 4168 curn
874 4116 1039 4186 praesertim
1051 4113 1195 4169 mollitiam
1212 4115 1255 4169 Oi·
