3030 4876
267 344 327 404 152
677 354 700 394 11
718 344 759 405 24,
775 343 887 394 61-62

265 514 360 576 aedes
383 512 504 575 alienas
526 512 633 576 inuito
656 508 809 592 domino',
834 514 1026 578 incendium
1052 527 1185 580 ueretur
1208 539 1300 581 acer-

264 620 345 680 bum
367 617 492 699 [uotam
510 617 602 699 quod
612 627 722 680 autem
740 610 883 695 ‘forum',
908 618 943 681 id
966 628 1013 682 est
1029 619 1232 684 uestibulum
1247 645 1299 685 se-

264 719 410 804 pulchri,
432 712 622 782 ‘bustumue
648 743 711 783 usu
734 714 822 804 eapi'
844 732 948 800 uetat,
978 732 1089 786 tuetur
1111 723 1163 786 ius
1186 727 1299 809 sepul-

265 824 426 887 chrorum.
456 823 537 886 haec
566 824 724 887 habemus
746 824 782 886 in
804 844 867 903 xri,
893 846 970 889 sane
993 827 1176 889 secundum
1198 839 1299 891 natu-

234 942 342 1006 ⁵ram,
361 949 443 1009 quae
466 948 580 990 norma
602 927 684 1010 legis
707 938 767 1005 est,
792 929 918 1010 reliqua
937 939 1015 992 sunt
1029 929 1066 991 in
1081 951 1178 1008 more,
1197 931 1298 994 funus

263 1042 302 1094 ut
323 1030 496 1109 indicatur,
521 1030 548 1093 si
571 1029 650 1113 quid
671 1031 833 1110 ludorum,
851 1031 1067 1115 dominusque
1082 1033 1209 1097 funeris
1224 1045 1299 1098 uta-

264 1145 319 1197 tur
341 1155 477 1197 accenso
500 1143 597 1215 atque
612 1132 789 1213 lictoribus,
807 1135 1040 1198 honoratorum
1062 1136 1211 1199 uirorum
1224 1138 1298 1200 lau·
1310 1148 1345 1204 62

265 1239 321 1301 des
343 1237 379 1299 in
403 1236 554 1300 contione
583 1249 805 1300 memorentur
828 1259 945 1320 easque
975 1238 1074 1301 etiam
1096 1240 1158 1322 [et]
1182 1251 1299 1304 cantus

265 1341 306 1403 ad
329 1340 498 1404 tibicinem
520 1350 747 1423 prosequatur,
774 1340 828 1403 eui
850 1362 971 1404 nomen
993 1342 1123 1421 neniae,
1150 1365 1214 1425 quo
1237 1366 1298 1407 uo-

266 1550 573 1558 ———.——-—-—-

265 1682 348 1737 aedes
365 1682 445 1748 (adici
462 1683 492 1736 ia
508 1685 614 1748 rasura)
633 1684 680 1743 A,·
700 1682 811 1753 liquido,
831 1683 936 1752 opinor,
957 1685 1005 1737 boe
1024 1702 1122 1755 qaoque
1140 1686 1195 1738 loco
1214 1703 1299 1756 appa-

265 1776 314 1832 ret,
334 1769 399 1839 quial
416 1769 446 1822 ia
464 1770 492 1821 A
503 1768 595 1838 faerit
612 1774 674 1822 ame
691 1769 816 1829 litteram,-
836 1771 930 1839 caaser
943 1787 973 1838 p.
990 1771 1032 1834 32,
1049 1771 1063 1820 2
1188 1773 1200 1822 1
1220 1789 1299 1824 uere·

264 1873 314 1908 tur
327 1855 330 1923 l
343 1855 472 1908 acerbum
488 1872 573 1908 uetat
590 1855 760 1908 Heimiamao
782 1855 893 1908 uer&ur
911 1854 1011 1908 acerbr'r
1028 1856 1107 1933 adeor
1124 1857 1153 1908 A
1171 1874 1298 1909 ueretur·

266 1958 368 2017 ascebii
386 1975 467 2035 uetat
479 1960 522 2019 B,·
541 1957 649 2011 aieletar
665 1957 753 2011 samba
771 1976 789 2010 a
797 1959 860 2028 fiae
877 1958 952 2010 uocis
964 1959 1092 2012 acerbum
1105 1962 1248 2023 (aceruum)
1263 1960 1300 2012 ad

265 2060 379 2115 similem
390 2061 517 2114 aocabali
526 2079 631 2114 nouum
642 2060 742 2114 exitam
753 2061 835 2114 oculis
842 2061 987 2125 aberrasse,
999 2063 1032 2115 ab
1046 2080 1123 2132 eoque
1136 2080 1225 2116 errore
1235 2063 1299 2115 alle-

264 2166 325 2201 ram
343 2154 420 2201 uetat
437 2153 598 2200 malamorte
612 2149 696 2221 (aflp.
712 2149 754 2211 57,
770 2148 827 2211 14):
851 2147 914 2201 biae
931 2152 1046 2217 apparet
1063 2167 1118 2201 aaa
1131 2147 1299 2218 probabilem

266 2253 320 2287 esse
333 2238 381 2286 aal
394 2233 505 2286 Halmii
516 2232 674 2286 incendium
685 2239 717 2286 ut
729 2239 854 2286 arceatur
866 2239 950 2297 uetat,
967 2239 1013 2286 aat
1025 2233 1156 2287 Lambini
1167 2233 1299 2287 coniecta·

265 2339 324 2374 ram
337 2318 494 2373 incendium
505 2318 618 2371 uidetur
630 2335 722 2372 arcere
738 2321 843 2385 [uetat],
857 2317 886 2371 ia
899 2337 950 2389 qim
961 2319 1005 2371 ael
1018 2318 1128 2372 uidetur
1141 2320 1171 2372 ia
1182 2338 1211 2373 re
1224 2336 1300 2387 aper·

266 2411 406 2460 laetante
420 2405 575 2476 siqaifiaata
589 2407 625 2474 (p.
644 2406 701 2469 151,
711 2408 734 2470 6)
748 2405 888 2474 displicet:
907 2411 1021 2458 celerum
1032 2423 1098 2474 meqo
1117 2405 1208 2474 aptiae
1221 2423 1301 2474 porse

265 2491 373 2545 aerbam
385 2490 504 2544 inueniri
515 2509 596 2561 qaam
610 2497 721 2544 ueretur
735 2494 835 2562 (confer
848 2493 873 2556 2,
887 2493 927 2554 15,
940 2492 981 2555 39,
997 2496 1022 2544 el
1034 2490 1152 2560 Philipp.
1169 2494 1193 2554 5,
1210 2491 1251 2554 17,
1266 2492 1299 2541 47

264 2576 375 2647 legibus
392 2575 537 2630 annalibus
556 2595 617 2631 cum
635 2576 809 2646 grandiorem
827 2582 945 2630 aetatem
962 2576 998 2630 ad
1016 2575 1189 2630 consulatum
1200 2575 1302 2629 consti·

266 2663 389 2727 tuebant,
409 2661 613 2716 adulescentiae
630 2662 812 2716 temeritatem
828 2663 1017 2728 uerebantur),
1037 2668 1063 2716 et
1080 2662 1209 2715 acerbum
1227 2661 1304 2731 (qaod

269 2749 406 2803 Turnebus
420 2744 513 2819 ‘yram
533 2755 558 2802 et
576 2744 770 2802 calamitosam'
793 2748 916 2817 explicat)
935 2750 985 2801 boc
1004 2768 1021 2802 a
1033 2765 1096 2818 roqo
1108 2749 1248 2800 amandam
1260 2748 1302 2799 in-

266 2833 387 2888 cendium
397 2839 509 2905 propter
517 2834 628 2905 pictatio
641 2834 764 2905 officiam
776 2833 913 2904 appellari
922 2832 1030 2886 aidelar
1099 2835 1114 2886 2
1127 2833 1219 2886 forum
1232 2833 1302 2886 Tar-

265 2921 346 2974 aebas
364 2935 413 2988 eoa
433 2924 542 2986 (eorum)
557 2921 651 2974 ABH
669 2921 716 2991 Of.
731 2920 811 2973 Festi
825 2920 889 2989 epil.
899 2936 929 2988 p.
945 2921 979 2971 84
991 2918 1021 2971 id
1033 2918 1124 2972 forum
1136 2919 1243 2988 antiqui
1255 2937 1301 2988 ap·

265 3005 406 3077 pellebant
417 3006 492 3075 quod
502 3023 575 3059 nuno
588 3005 758 3060 uestibulum
770 3005 889 3076 sepulcri
901 3004 956 3058 dici
968 3003 1039 3058 solet
1112 3006 1127 3055 3
1137 3003 1258 3057 busn‘me
1271 3005 1299 3056 ia

266 3128 363 3163 rasura
375 3111 404 3162 A
420 3107 581 3180 sepulchub;
591 3109 594 3179 l
605 3127 667 3163 cum
684 3127 719 3163 ue
739 3111 792 3175 (secl
809 3127 870 3163 corr
887 3126 911 3162 rr
927 3085 1034 3177 lilium
1051 3112 1075 3160 el
1087 3107 1117 3160 ia
1128 3124 1206 3181 mara
1218 3117 1238 3140 *
1250 3107 1300 3160 bu-

266 3194 347 3248 ln'tue
365 3192 416 3247 usu
435 3200 500 3266 capr]
520 3197 556 3248 H
620 3213 733 3274 natarat
750 3197 786 3248 H
850 3191 1023 3263 meturlslul
1040 3196 1060 3258 (r
1079 3212 1096 3246 a
1114 3210 1174 3246 corr
1191 3191 1250 3256 add)
1271 3193 1299 3243 A

265 3284 410 3351 'inetunul
427 3298 463 3362 (ia
481 3316 557 3368 mara
570 3302 678 3353 “tuetur
694 3299 745 3363 ius)
764 3299 800 3350 H
905 3295 1051 3368 sepulchoa
1068 3298 1096 3349 A
1216 3296 1233 3344 4
1249 3293 1300 3372 hec

266 3366 392 3454 habemril
407 3387 451 3454 {11
467 3403 496 3454 A
548 3402 551 3407 ’
600 3400 748 3482 secundum
767 3403 804 3454 H
902 3396 1041 3467 5lehqua
1058 3401 1086 3453 B
1105 3398 1160 3465 (real
1175 3415 1253 3466 caepe
1271 3397 1301 3450 ia

265 3505 315 3556 boc
333 3504 420 3557 codiee
437 3502 451 3557 1
467 3510 523 3557 etr
541 3504 590 3557 aia
606 3505 826 3570 internoscantur)
915 3478 1009 3572 furbus
1024 3504 1061 3555 H
1160 3504 1176 3554 6
1194 3496 1302 3553 mdical

269 3590 321 3655 (ric)
341 3591 369 3643 B
386 3590 535 3643 inducatur
552 3592 619 3643 AH
712 3590 892 3659 dominusque
909 3588 1052 3643 Manutius
1070 3585 1189 3658 domusq;
1208 3589 1237 3641 B
1255 3585 1302 3639 do·

266 3658 336 3763 mriq;
349 3694 378 3745 A
390 3691 492 3763 dom;q;l
500 3694 547 3747 sed
558 3693 638 3747 mitio
651 3698 754 3748 tantam
767 3693 828 3762 donl
842 3693 872 3746 ia
884 3693 957 3747 ceila
968 3709 1061 3745 aereas
1072 3691 1203 3760 scriptam
1209 3688 1303 3759 faisse

266 3778 374 3832 uidetur
385 3779 421 3832 H
492 3778 643 3843 indicatur,
660 3780 684 3832 si
695 3779 762 3849 quid
772 3779 912 3844 ludorum,
928 3777 1055 3831 dominus
1067 3774 1174 3829 funeris
1187 3775 1302 3828 Momm·

266 3881 345 3917 emar
362 3866 394 3918 ele
412 3864 466 3918 iar.
475 3863 553 3935 publ.
569 3866 650 3918 Rom.
667 3867 689 3929 1,
699 3883 730 3934 p.
745 3867 794 3918 310
909 3869 923 3917 7
942 3862 1039 3918 acenso
1057 3862 1149 3916 ΑΒΗ
1254 3857 1302 3912 hr-

265 3951 347 4012 ronb3
366 3953 394 4005 B
493 3950 617 4005 uirorum
634 3951 764 4005 editiones
781 3954 882 4004 uruon’r
898 3951 991 4004 ABH
1090 3947 1154 4000 bin
1172 3945 1303 4000 concione

265 4042 451 4090 memorentur
473 4037 509 4092 R.
529 4039 681 4108 Stephanae
703 4055 732 4090 ιιι
753 4042 881 4092 nonnoni
903 4038 987 4102 (neml
1007 4049 1196 4088 memorantur
1213 4031 1308 4085 ΑΒΗ

370 4139 453 4194 etiam
471 4140 615 4194 manaim
632 4141 685 4194 &ra
704 4141 728 4186 ἓν
753 4141 840 4190 ΑΡΠ
940 4142 955 4170 0
974 4101 1005 4178 ii
1032 4138 1062 4178 Γ
1161 4108 1252 4188 abdidi
1273 4134 1309 4188 H
