<?xml version="1.0" encoding="UTF-8"?>
<!DOCTYPE html PUBLIC "-//W3C//DTD XHTML 1.0 Transitional//EN"
    "http://www.w3.org/TR/xhtml1/DTD/xhtml1-transitional.dtd">
<html xmlns="http://www.w3.org/1999/xhtml" xml:lang="en" lang="en">
 <head>
  <title>
</title>
<meta http-equiv="Content-Type" content="text/html;charset=utf-8" />
  <meta name='ocr-system' content='tesseract 3.04.00' />
  <meta name='ocr-capabilities' content='ocr_page ocr_carea ocr_par ocr_line ocrx_word'/>
</head>
<body>
  <div class='ocr_page' id='page_1' title='image "./delegibuslibri00cicegoog_0012.png"; bbox 0 0 3030 4876; ppageno 0'>
   <div class='ocr_carea' id='block_1_1' title="bbox 236 387 828 451">
    <p class='ocr_par' dir='ltr' id='par_1_1' title="bbox 236 387 828 451">
     <span class='ocr_line' id='line_1_1' title="bbox 236 387 828 451; baseline -0.022 -12"><span class='ocrx_word' id='word_1_1' title='bbox 236 397 270 439; x_wconf 85' lang='lat' dir='ltr'>VI</span> <span class='ocrx_word' id='word_1_2' title='bbox 666 387 828 451; x_wconf 70' lang='lat' dir='ltr'>Pnassrsrro</span> 
     </span>
    </p>
   </div>
   <div class='ocr_carea' id='block_1_2' title="bbox 236 547 1276 4103">
    <p class='ocr_par' dir='ltr' id='par_1_2' title="bbox 236 547 1276 2912">
     <span class='ocr_line' id='line_1_2' title="bbox 236 547 1271 634; baseline 0.003 -24"><span class='ocrx_word' id='word_1_3' title='bbox 236 548 303 612; x_wconf 82' lang='lat' dir='ltr'>fere</span> <span class='ocrx_word' id='word_1_4' title='bbox 326 547 514 630; x_wconf 88' lang='lat' dir='ltr'>primitiuae</span> <span class='ocrx_word' id='word_1_5' title='bbox 538 557 571 608; x_wconf 92' lang='lat' dir='ltr'>et</span> <span class='ocrx_word' id='word_1_6' title='bbox 593 558 756 609; x_wconf 82' lang='lat' dir='ltr'>correctae</span> <span class='ocrx_word' id='word_1_7' title='bbox 779 547 959 630; x_wconf 81' lang='lat' dir='ltr'>scripturae</span> <span class='ocrx_word' id='word_1_8' title='bbox 983 570 1049 610; x_wconf 94' lang='lat' dir='ltr'>una</span> <span class='ocrx_word' id='word_1_9' title='bbox 1070 571 1271 634; x_wconf 85' lang='lat' dir='ltr'>cognoscan-</span> 
     </span>
     <span class='ocr_line' id='line_1_3' title="bbox 238 666 1276 757; baseline 0.002 -26"><span class='ocrx_word' id='word_1_10' title='bbox 238 678 301 731; x_wconf 90' lang='lat' dir='ltr'>tur.</span> <span class='ocrx_word' id='word_1_11' title='bbox 347 668 393 731; x_wconf 91' lang='lat' dir='ltr'>ita</span> <span class='ocrx_word' id='word_1_12' title='bbox 418 669 457 730; x_wconf 95' lang='lat' dir='ltr'>fit</span> <span class='ocrx_word' id='word_1_13' title='bbox 486 677 524 729; x_wconf 93' lang='lat' dir='ltr'>ut</span> <span class='ocrx_word' id='word_1_14' title='bbox 552 687 628 729; x_wconf 92' lang='lat' dir='ltr'>cum</span> <span class='ocrx_word' id='word_1_15' title='bbox 659 668 754 728; x_wconf 92' lang='lat' dir='ltr'>ambo</span> <span class='ocrx_word' id='word_1_16' title='bbox 782 666 857 730; x_wconf 86' lang='lat' dir='ltr'>libri</span> <span class='ocrx_word' id='word_1_17' title='bbox 880 668 951 750; x_wconf 90' lang='lat' dir='ltr'>pari</span> <span class='ocrx_word' id='word_1_18' title='bbox 979 668 1046 730; x_wconf 91' lang='lat' dir='ltr'>sint</span> <span class='ocrx_word' id='word_1_19' title='bbox 1067 671 1276 757; x_wconf 17' lang='lat' dir='ltr'>auctoritate,-</span> 
     </span>
     <span class='ocr_line' id='line_1_4' title="bbox 239 786 1272 871; baseline 0.001 -20"><span class='ocrx_word' id='word_1_20' title='bbox 239 786 381 851; x_wconf 86' lang='lat' dir='ltr'>utilitate</span> <span class='ocrx_word' id='word_1_21' title='bbox 404 800 514 851; x_wconf 93' lang='lat' dir='ltr'>tamen</span> <span class='ocrx_word' id='word_1_22' title='bbox 537 787 699 849; x_wconf 83' lang='lat' dir='ltr'>recentior</span> <span class='ocrx_word' id='word_1_23' title='bbox 727 786 769 848; x_wconf 92' lang='lat' dir='ltr'>sit</span> <span class='ocrx_word' id='word_1_24' title='bbox 790 809 885 870; x_wconf 82' lang='lat' dir='ltr'>saepe</span> <span class='ocrx_word' id='word_1_25' title='bbox 914 788 1069 871; x_wconf 86' lang='lat' dir='ltr'>superior.</span> <span class='ocrx_word' id='word_1_26' title='bbox 1115 791 1172 852; x_wconf 91' lang='lat' dir='ltr'>sed</span> <span class='ocrx_word' id='word_1_27' title='bbox 1194 802 1272 852; x_wconf 89' lang='lat' dir='ltr'>sunt</span> 
     </span>
     <span class='ocr_line' id='line_1_5' title="bbox 239 905 1272 992; baseline 0.002 -22"><span class='ocrx_word' id='word_1_28' title='bbox 239 907 338 971; x_wconf 89' lang='lat' dir='ltr'>etiam</span> <span class='ocrx_word' id='word_1_29' title='bbox 360 909 432 986; x_wconf 92' lang='lat' dir='ltr'>loci,</span> <span class='ocrx_word' id='word_1_30' title='bbox 458 908 577 991; x_wconf 89' lang='lat' dir='ltr'>quibus</span> <span class='ocrx_word' id='word_1_31' title='bbox 599 905 749 969; x_wconf 91' lang='lat' dir='ltr'>neutrius</span> <span class='ocrx_word' id='word_1_32' title='bbox 765 906 885 969; x_wconf 84' lang='lat' dir='ltr'>codicis</span> <span class='ocrx_word' id='word_1_33' title='bbox 902 908 1088 972; x_wconf 89' lang='lat' dir='ltr'>testimonio</span> <span class='ocrx_word' id='word_1_34' title='bbox 1104 911 1272 992; x_wconf 78' lang='lat' dir='ltr'>primitius</span> 
     </span>
     <span class='ocr_line' id='line_1_6' title="bbox 238 1026 1272 1111; baseline 0.002 -21"><span class='ocrx_word' id='word_1_35' title='bbox 238 1028 399 1111; x_wconf 89' lang='lat' dir='ltr'>scriptura</span> <span class='ocrx_word' id='word_1_36' title='bbox 421 1038 555 1091; x_wconf 91' lang='lat' dir='ltr'>constet.</span> <span class='ocrx_word' id='word_1_37' title='bbox 601 1026 648 1089; x_wconf 94' lang='lat' dir='ltr'>ibi</span> <span class='ocrx_word' id='word_1_38' title='bbox 674 1026 711 1088; x_wconf 92' lang='lat' dir='ltr'>in</span> <span class='ocrx_word' id='word_1_39' title='bbox 739 1026 921 1089; x_wconf 87' lang='lat' dir='ltr'>subsidium</span> <span class='ocrx_word' id='word_1_40' title='bbox 943 1029 1141 1092; x_wconf 86' lang='lat' dir='ltr'>recensionis</span> <span class='ocrx_word' id='word_1_41' title='bbox 1170 1031 1272 1093; x_wconf 87' lang='lat' dir='ltr'>codex</span> 
     </span>
     <span class='ocr_line' id='line_1_7' title="bbox 238 1147 1272 1232; baseline 0.001 -21"><span class='ocrx_word' id='word_1_42' title='bbox 238 1148 442 1212; x_wconf 88' lang='lat' dir='ltr'>Heinsianus</span> <span class='ocrx_word' id='word_1_43' title='bbox 474 1151 559 1230; x_wconf 87' lang='lat'>(118,</span> <span class='ocrx_word' id='word_1_44' title='bbox 585 1168 666 1209; x_wconf 87' lang='lat' dir='ltr'>saec.</span> <span class='ocrx_word' id='word_1_45' title='bbox 689 1150 746 1228; x_wconf 75' lang='grc' dir='ltr'>ΧΠ)</span> <span class='ocrx_word' id='word_1_46' title='bbox 778 1147 937 1225; x_wconf 73' lang='lat' dir='ltr'>succedit,</span> <span class='ocrx_word' id='word_1_47' title='bbox 970 1147 1027 1230; x_wconf 91' lang='lat' dir='ltr'>qui</span> <span class='ocrx_word' id='word_1_48' title='bbox 1057 1149 1092 1210; x_wconf 90' lang='lat' dir='ltr'>in</span> <span class='ocrx_word' id='word_1_49' title='bbox 1120 1150 1272 1232; x_wconf 89' lang='lat' dir='ltr'>plurimis</span> 
     </span>
     <span class='ocr_line' id='line_1_8' title="bbox 240 1266 1269 1348; baseline 0.003 -18"><span class='ocrx_word' id='word_1_50' title='bbox 240 1289 317 1330; x_wconf 91' lang='lat' dir='ltr'>cum</span> <span class='ocrx_word' id='word_1_51' title='bbox 346 1268 513 1332; x_wconf 87' lang='lat' dir='ltr'>Vossianis</span> <span class='ocrx_word' id='word_1_52' title='bbox 542 1266 716 1344; x_wconf 85' lang='lat' dir='ltr'>consentit,</span> <span class='ocrx_word' id='word_1_53' title='bbox 745 1266 810 1328; x_wconf 92' lang='lat' dir='ltr'>alia</span> <span class='ocrx_word' id='word_1_54' title='bbox 836 1266 968 1330; x_wconf 89' lang='lat' dir='ltr'>arbitrio</span> <span class='ocrx_word' id='word_1_55' title='bbox 984 1281 1141 1339; x_wconf 57' lang='lat' dir='ltr'>,correcta</span> <span class='ocrx_word' id='word_1_56' title='bbox 1163 1270 1269 1348; x_wconf 89' lang='lat' dir='ltr'>habet,</span> 
     </span>
     <span class='ocr_line' id='line_1_9' title="bbox 240 1387 1272 1470; baseline 0.002 -20"><span class='ocrx_word' id='word_1_57' title='bbox 240 1390 297 1452; x_wconf 89' lang='lat' dir='ltr'>sed</span> <span class='ocrx_word' id='word_1_58' title='bbox 326 1389 487 1451; x_wconf 93' lang='lat' dir='ltr'>nonnulla</span> <span class='ocrx_word' id='word_1_59' title='bbox 516 1397 619 1466; x_wconf 91' lang='lat' dir='ltr'>tenet,</span> <span class='ocrx_word' id='word_1_60' title='bbox 649 1408 732 1470; x_wconf 92' lang='lat' dir='ltr'>quae</span> <span class='ocrx_word' id='word_1_61' title='bbox 760 1409 777 1449; x_wconf 92' lang='lat' dir='ltr'>e</span> <span class='ocrx_word' id='word_1_62' title='bbox 806 1388 973 1450; x_wconf 91' lang='lat' dir='ltr'>communi</span> <span class='ocrx_word' id='word_1_63' title='bbox 1001 1387 1091 1451; x_wconf 85' lang='lat' dir='ltr'>fonte</span> <span class='ocrx_word' id='word_1_64' title='bbox 1119 1400 1208 1466; x_wconf 87' lang='lat' dir='ltr'>nata,</span> <span class='ocrx_word' id='word_1_65' title='bbox 1245 1391 1272 1452; x_wconf 92' lang='lat' dir='ltr'>si</span> 
     </span>
     <span class='ocr_line' id='line_1_10' title="bbox 241 1506 1271 1591; baseline 0.002 -21"><span class='ocrx_word' id='word_1_66' title='bbox 241 1508 321 1591; x_wconf 95' lang='lat' dir='ltr'>quid</span> <span class='ocrx_word' id='word_1_67' title='bbox 343 1507 550 1572; x_wconf 83' lang='lat' dir='ltr'>obscuritatis</span> <span class='ocrx_word' id='word_1_68' title='bbox 573 1517 622 1569; x_wconf 89' lang='lat' dir='ltr'>est</span> <span class='ocrx_word' id='word_1_69' title='bbox 643 1506 823 1590; x_wconf 87' lang='lat' dir='ltr'>scripturae</span> <span class='ocrx_word' id='word_1_70' title='bbox 846 1507 881 1568; x_wconf 92' lang='lat' dir='ltr'>in</span> <span class='ocrx_word' id='word_1_71' title='bbox 903 1509 934 1570; x_wconf 83' lang='lat' dir='ltr'><strong>A</strong></span> <span class='ocrx_word' id='word_1_72' title='bbox 957 1519 1013 1570; x_wconf 86' lang='lat' dir='ltr'>aut</span> <span class='ocrx_word' id='word_1_73' title='bbox 1035 1511 1076 1586; x_wconf 94' lang='lat' dir='ltr'>B,</span> <span class='ocrx_word' id='word_1_74' title='bbox 1103 1510 1271 1572; x_wconf 91' lang='lat' dir='ltr'>commode</span> 
     </span>
     <span class='ocr_line' id='line_1_11' title="bbox 239 1626 1272 1711; baseline 0 -20"><span class='ocrx_word' id='word_1_75' title='bbox 239 1628 415 1691; x_wconf 90' lang='lat' dir='ltr'>illustrant.</span> <span class='ocrx_word' id='word_1_76' title='bbox 465 1629 556 1690; x_wconf 86' lang='lat' dir='ltr'>huno</span> <span class='ocrx_word' id='word_1_77' title='bbox 589 1649 648 1711; x_wconf 86' lang='lat' dir='ltr'>ego</span> <span class='ocrx_word' id='word_1_78' title='bbox 682 1649 750 1690; x_wconf 94' lang='lat' dir='ltr'>non</span> <span class='ocrx_word' id='word_1_79' title='bbox 783 1626 853 1689; x_wconf 92' lang='lat' dir='ltr'>uidi</span> <span class='ocrx_word' id='word_1_80' title='bbox 882 1628 939 1690; x_wconf 92' lang='lat' dir='ltr'>sed</span> <span class='ocrx_word' id='word_1_81' title='bbox 968 1628 1155 1710; x_wconf 89' lang='lat' dir='ltr'>scripturas,</span> <span class='ocrx_word' id='word_1_82' title='bbox 1192 1651 1272 1711; x_wconf 86' lang='lat' dir='ltr'>quas</span> 
     </span>
     <span class='ocr_line' id='line_1_12' title="bbox 238 1746 1271 1835; baseline 0.003 -26"><span class='ocrx_word' id='word_1_83' title='bbox 238 1748 343 1825; x_wconf 89' lang='lat' dir='ltr'>attuli,</span> <span class='ocrx_word' id='word_1_84' title='bbox 369 1770 409 1810; x_wconf 87' lang='lat' dir='ltr'>ex</span> <span class='ocrx_word' id='word_1_85' title='bbox 424 1748 551 1811; x_wconf 89' lang='lat' dir='ltr'>Halmii</span> <span class='ocrx_word' id='word_1_86' title='bbox 574 1746 816 1835; x_wconf 76' lang='lat' dir='ltr'>commentariis</span> <span class='ocrx_word' id='word_1_87' title='bbox 838 1746 926 1830; x_wconf 87' lang='lat' dir='ltr'>petii,</span> <span class='ocrx_word' id='word_1_88' title='bbox 955 1748 1049 1830; x_wconf 93' lang='lat' dir='ltr'>posui</span> <span class='ocrx_word' id='word_1_89' title='bbox 1072 1760 1182 1811; x_wconf 89' lang='lat' dir='ltr'>autern</span> <span class='ocrx_word' id='word_1_90' title='bbox 1204 1772 1271 1812; x_wconf 92' lang='lat' dir='ltr'>non</span> 
     </span>
     <span class='ocr_line' id='line_1_13' title="bbox 240 1869 1272 1951; baseline 0.001 -21"><span class='ocrx_word' id='word_1_91' title='bbox 240 1889 352 1930; x_wconf 89' lang='lat' dir='ltr'>omnes</span> <span class='ocrx_word' id='word_1_92' title='bbox 380 1869 436 1931; x_wconf 95' lang='lat' dir='ltr'>sed</span> <span class='ocrx_word' id='word_1_93' title='bbox 463 1890 516 1931; x_wconf 91' lang='lat' dir='ltr'>eas</span> <span class='ocrx_word' id='word_1_94' title='bbox 545 1877 675 1930; x_wconf 90' lang='lat' dir='ltr'>tantum</span> <span class='ocrx_word' id='word_1_95' title='bbox 703 1889 783 1949; x_wconf 90' lang='lat' dir='ltr'>quas</span> <span class='ocrx_word' id='word_1_96' title='bbox 817 1878 875 1929; x_wconf 93' lang='lat' dir='ltr'>aut</span> <span class='ocrx_word' id='word_1_97' title='bbox 902 1889 974 1929; x_wconf 92' lang='lat' dir='ltr'>eam</span> <span class='ocrx_word' id='word_1_98' title='bbox 1005 1869 1045 1930; x_wconf 95' lang='lat' dir='ltr'>ob</span> <span class='ocrx_word' id='word_1_99' title='bbox 1078 1891 1147 1931; x_wconf 91' lang='lat' dir='ltr'>rem</span> <span class='ocrx_word' id='word_1_100' title='bbox 1174 1892 1272 1951; x_wconf 92' lang='lat' dir='ltr'>quam</span> 
     </span>
     <span class='ocr_line' id='line_1_14' title="bbox 240 1987 1271 2071; baseline 0.001 -20"><span class='ocrx_word' id='word_1_101' title='bbox 240 1987 309 2051; x_wconf 81' lang='lat' dir='ltr'>dixi</span> <span class='ocrx_word' id='word_1_102' title='bbox 332 1999 389 2051; x_wconf 85' lang='lat' dir='ltr'>aut</span> <span class='ocrx_word' id='word_1_103' title='bbox 412 1988 484 2050; x_wconf 89' lang='lat' dir='ltr'>aliis</span> <span class='ocrx_word' id='word_1_104' title='bbox 508 1987 604 2051; x_wconf 88' lang='lat' dir='ltr'>certis</span> <span class='ocrx_word' id='word_1_105' title='bbox 625 1987 807 2051; x_wconf 91' lang='lat' dir='ltr'>rationibus</span> <span class='ocrx_word' id='word_1_106' title='bbox 836 1987 933 2049; x_wconf 88' lang='lat' dir='ltr'>utiles</span> <span class='ocrx_word' id='word_1_107' title='bbox 957 2009 1025 2050; x_wconf 92' lang='lat' dir='ltr'>esse</span> <span class='ocrx_word' id='word_1_108' title='bbox 1054 1988 1143 2051; x_wconf 84' lang='lat' dir='ltr'>duxi.</span> <span class='ocrx_word' id='word_1_109' title='bbox 1189 2012 1271 2071; x_wconf 90' lang='lat' dir='ltr'>quae</span> 
     </span>
     <span class='ocr_line' id='line_1_15' title="bbox 239 2106 1272 2191; baseline 0.002 -21"><span class='ocrx_word' id='word_1_110' title='bbox 239 2119 406 2191; x_wconf 89' lang='lat' dir='ltr'>praeterea</span> <span class='ocrx_word' id='word_1_111' title='bbox 421 2107 457 2170; x_wconf 90' lang='lat' dir='ltr'>in</span> <span class='ocrx_word' id='word_1_112' title='bbox 472 2120 627 2191; x_wconf 93' lang='lat' dir='ltr'>promptu</span> <span class='ocrx_word' id='word_1_113' title='bbox 641 2106 777 2170; x_wconf 86' lang='lat' dir='ltr'>fuerunt</span> <span class='ocrx_word' id='word_1_114' title='bbox 792 2107 971 2189; x_wconf 90' lang='lat' dir='ltr'>scripturae</span> <span class='ocrx_word' id='word_1_115' title='bbox 988 2107 1108 2170; x_wconf 86' lang='lat' dir='ltr'>codicis</span> <span class='ocrx_word' id='word_1_116' title='bbox 1123 2110 1272 2172; x_wconf 89' lang='lat' dir='ltr'>Lauren-</span> 
     </span>
     <span class='ocr_line' id='line_1_16' title="bbox 239 2226 1272 2312; baseline 0.001 -22"><span class='ocrx_word' id='word_1_117' title='bbox 239 2227 321 2290; x_wconf 89' lang='lat' dir='ltr'>tiani</span> <span class='ocrx_word' id='word_1_118' title='bbox 345 2227 414 2291; x_wconf 89' lang='lat' dir='ltr'>siue</span> <span class='ocrx_word' id='word_1_119' title='bbox 437 2227 720 2312; x_wconf 86' lang='lat' dir='ltr'>Lagomarsiniani</span> <span class='ocrx_word' id='word_1_120' title='bbox 746 2236 780 2289; x_wconf 85' lang='lat'>11</span> <span class='ocrx_word' id='word_1_121' title='bbox 806 2250 825 2290; x_wconf 92' lang='lat' dir='ltr'>a</span> <span class='ocrx_word' id='word_1_122' title='bbox 847 2226 1114 2290; x_wconf 87' lang='lat' dir='ltr'>Reifferscheidio</span> <span class='ocrx_word' id='word_1_123' title='bbox 1137 2251 1272 2312; x_wconf 85' lang='lat' dir='ltr'>excerp-</span> 
     </span>
     <span class='ocr_line' id='line_1_17' title="bbox 239 2346 1272 2432; baseline 0 -21"><span class='ocrx_word' id='word_1_124' title='bbox 239 2359 307 2425; x_wconf 85' lang='lat' dir='ltr'>tae,</span> <span class='ocrx_word' id='word_1_125' title='bbox 333 2348 372 2411; x_wconf 88' lang='lat' dir='ltr'>iis</span> <span class='ocrx_word' id='word_1_126' title='bbox 401 2371 478 2412; x_wconf 91' lang='lat' dir='ltr'>usus</span> <span class='ocrx_word' id='word_1_127' title='bbox 503 2371 570 2412; x_wconf 93' lang='lat' dir='ltr'>non</span> <span class='ocrx_word' id='word_1_128' title='bbox 593 2371 678 2426; x_wconf 84' lang='lat' dir='ltr'>sum,</span> <span class='ocrx_word' id='word_1_129' title='bbox 704 2348 780 2432; x_wconf 89' lang='lat' dir='ltr'>quia</span> <span class='ocrx_word' id='word_1_130' title='bbox 808 2346 976 2409; x_wconf 89' lang='lat' dir='ltr'>cumulare</span> <span class='ocrx_word' id='word_1_131' title='bbox 996 2346 1158 2410; x_wconf 91' lang='lat' dir='ltr'>inutiliter</span> <span class='ocrx_word' id='word_1_132' title='bbox 1181 2350 1272 2411; x_wconf 90' lang='lat' dir='ltr'>testi-</span> 
     </span>
     <span class='ocr_line' id='line_1_18' title="bbox 240 2465 1272 2547; baseline 0.001 -17"><span class='ocrx_word' id='word_1_133' title='bbox 240 2468 350 2531; x_wconf 90' lang='lat' dir='ltr'>monia</span> <span class='ocrx_word' id='word_1_134' title='bbox 373 2469 473 2547; x_wconf 86' lang='lat' dir='ltr'>nolui,</span> <span class='ocrx_word' id='word_1_135' title='bbox 498 2469 525 2532; x_wconf 93' lang='lat' dir='ltr'>is</span> <span class='ocrx_word' id='word_1_136' title='bbox 548 2480 659 2532; x_wconf 92' lang='lat' dir='ltr'>autem</span> <span class='ocrx_word' id='word_1_137' title='bbox 681 2469 765 2532; x_wconf 92' lang='lat' dir='ltr'>liber</span> <span class='ocrx_word' id='word_1_138' title='bbox 788 2465 848 2530; x_wconf 89' lang='lat' dir='ltr'>etsi</span> <span class='ocrx_word' id='word_1_139' title='bbox 878 2478 965 2529; x_wconf 90' lang='lat' dir='ltr'>recte</span> <span class='ocrx_word' id='word_1_140' title='bbox 988 2466 1074 2530; x_wconf 91' lang='lat' dir='ltr'>inter</span> <span class='ocrx_word' id='word_1_141' title='bbox 1095 2469 1197 2531; x_wconf 93' lang='lat' dir='ltr'>bonos</span> <span class='ocrx_word' id='word_1_142' title='bbox 1221 2493 1272 2532; x_wconf 89' lang='lat' dir='ltr'>re-</span> 
     </span>
     <span class='ocr_line' id='line_1_19' title="bbox 239 2587 1272 2670; baseline 0.001 -20"><span class='ocrx_word' id='word_1_143' title='bbox 239 2587 343 2651; x_wconf 86' lang='lat' dir='ltr'>fertur</span> <span class='ocrx_word' id='word_1_144' title='bbox 373 2592 413 2670; x_wconf 85' lang='lat' dir='ltr'>(n.</span> <span class='ocrx_word' id='word_1_145' title='bbox 438 2611 520 2652; x_wconf 90' lang='lat' dir='ltr'>mus.</span> <span class='ocrx_word' id='word_1_146' title='bbox 543 2590 650 2652; x_wconf 84' lang='lat' dir='ltr'>Rhen.</span> <span class='ocrx_word' id='word_1_147' title='bbox 681 2608 752 2651; x_wconf 87' lang='lat' dir='ltr'>xvn</span> <span class='ocrx_word' id='word_1_148' title='bbox 777 2589 862 2668; x_wconf 82' lang='lat'>295),</span> <span class='ocrx_word' id='word_1_149' title='bbox 888 2596 998 2649; x_wconf 86' lang='lat' dir='ltr'>tamen</span> <span class='ocrx_word' id='word_1_150' title='bbox 1023 2587 1107 2650; x_wconf 91' lang='lat' dir='ltr'>nihil</span> <span class='ocrx_word' id='word_1_151' title='bbox 1136 2589 1272 2651; x_wconf 89' lang='lat' dir='ltr'>adiuuat</span> 
     </span>
     <span class='ocr_line' id='line_1_20' title="bbox 240 2707 1271 2791; baseline 0 -21"><span class='ocrx_word' id='word_1_152' title='bbox 240 2729 317 2770; x_wconf 92' lang='lat' dir='ltr'>eum</span> <span class='ocrx_word' id='word_1_153' title='bbox 344 2709 398 2771; x_wconf 93' lang='lat' dir='ltr'>cui</span> <span class='ocrx_word' id='word_1_154' title='bbox 420 2708 587 2772; x_wconf 91' lang='lat' dir='ltr'>Vossianis</span> <span class='ocrx_word' id='word_1_155' title='bbox 611 2709 660 2771; x_wconf 91' lang='lat' dir='ltr'>uti</span> <span class='ocrx_word' id='word_1_156' title='bbox 683 2708 781 2770; x_wconf 92' lang='lat' dir='ltr'>liceat</span> <span class='ocrx_word' id='word_1_157' title='bbox 807 2716 840 2769; x_wconf 90' lang='lat' dir='ltr'>et</span> <span class='ocrx_word' id='word_1_158' title='bbox 867 2728 909 2768; x_wconf 92' lang='lat' dir='ltr'>ne</span> <span class='ocrx_word' id='word_1_159' title='bbox 931 2707 1108 2770; x_wconf 90' lang='lat' dir='ltr'>Heinsiani</span> <span class='ocrx_word' id='word_1_160' title='bbox 1138 2710 1271 2791; x_wconf 91' lang='lat' dir='ltr'>quidem</span> 
     </span>
     <span class='ocr_line' id='line_1_21' title="bbox 241 2826 568 2912; baseline 0 -23"><span class='ocrx_word' id='word_1_161' title='bbox 241 2826 419 2890; x_wconf 87' lang='lat' dir='ltr'>utilitatem</span> <span class='ocrx_word' id='word_1_162' title='bbox 441 2838 568 2912; x_wconf 87' lang='lat' dir='ltr'>aequat.</span> 
     </span>
    </p>

    <p class='ocr_par' dir='ltr' id='par_1_3' title="bbox 239 2947 1271 4103">
     <span class='ocr_line' id='line_1_22' title="bbox 304 2947 1271 3030; baseline 0.002 -20"><span class='ocrx_word' id='word_1_163' title='bbox 304 2947 356 3010; x_wconf 87' lang='lat' dir='ltr'>Ad</span> <span class='ocrx_word' id='word_1_164' title='bbox 378 2948 611 3011; x_wconf 89' lang='lat' dir='ltr'>Vossianorum</span> <span class='ocrx_word' id='word_1_165' title='bbox 635 2947 736 3030; x_wconf 86' lang='lat' dir='ltr'>igitur</span> <span class='ocrx_word' id='word_1_166' title='bbox 764 2947 953 3009; x_wconf 90' lang='lat' dir='ltr'>memoriam</span> <span class='ocrx_word' id='word_1_167' title='bbox 982 2949 1082 3010; x_wconf 92' lang='lat' dir='ltr'>uerba</span> <span class='ocrx_word' id='word_1_168' title='bbox 1105 2949 1271 3012; x_wconf 86' lang='lat' dir='ltr'>Ciceronis</span> 
     </span>
     <span class='ocr_line' id='line_1_23' title="bbox 239 3065 1269 3149; baseline 0.001 -19"><span class='ocrx_word' id='word_1_169' title='bbox 239 3066 396 3142; x_wconf 88' lang='lat' dir='ltr'>recensui,</span> <span class='ocrx_word' id='word_1_170' title='bbox 423 3088 505 3149; x_wconf 92' lang='lat' dir='ltr'>quae</span> <span class='ocrx_word' id='word_1_171' title='bbox 527 3067 593 3128; x_wconf 93' lang='lat' dir='ltr'>iam</span> <span class='ocrx_word' id='word_1_172' title='bbox 613 3066 649 3128; x_wconf 92' lang='lat' dir='ltr'>in</span> <span class='ocrx_word' id='word_1_173' title='bbox 665 3088 703 3129; x_wconf 94' lang='lat' dir='ltr'>eo</span> <span class='ocrx_word' id='word_1_174' title='bbox 718 3065 809 3143; x_wconf 86' lang='lat' dir='ltr'>libro,</span> <span class='ocrx_word' id='word_1_175' title='bbox 835 3066 923 3127; x_wconf 93' lang='lat' dir='ltr'>unde</span> <span class='ocrx_word' id='word_1_176' title='bbox 945 3065 1063 3148; x_wconf 91' lang='lat' dir='ltr'>reliqui</span> <span class='ocrx_word' id='word_1_177' title='bbox 1078 3067 1169 3130; x_wconf 91' lang='lat' dir='ltr'>ducti</span> <span class='ocrx_word' id='word_1_178' title='bbox 1184 3083 1269 3146; x_wconf 91' lang='lat' dir='ltr'>sunt,</span> 
     </span>
     <span class='ocr_line' id='line_1_24' title="bbox 240 3185 1271 3270; baseline 0 -19"><span class='ocrx_word' id='word_1_179' title='bbox 240 3187 331 3251; x_wconf 92' lang='lat' dir='ltr'>omni</span> <span class='ocrx_word' id='word_1_180' title='bbox 352 3208 471 3270; x_wconf 86' lang='lat' dir='ltr'>genere</span> <span class='ocrx_word' id='word_1_181' title='bbox 487 3187 645 3249; x_wconf 90' lang='lat' dir='ltr'>uitiorum</span> <span class='ocrx_word' id='word_1_182' title='bbox 666 3186 838 3267; x_wconf 90' lang='lat' dir='ltr'>inquinata</span> <span class='ocrx_word' id='word_1_183' title='bbox 861 3185 1061 3269; x_wconf 86' lang='lat' dir='ltr'>legebantur.</span> <span class='ocrx_word' id='word_1_184' title='bbox 1107 3209 1144 3248; x_wconf 91' lang='lat' dir='ltr'>ac</span> <span class='ocrx_word' id='word_1_185' title='bbox 1168 3191 1271 3251; x_wconf 89' lang='lat' dir='ltr'>multa</span> 
     </span>
     <span class='ocr_line' id='line_1_25' title="bbox 240 3305 1271 3388; baseline -0.001 -18"><span class='ocrx_word' id='word_1_186' title='bbox 240 3308 371 3384; x_wconf 86' lang='lat' dir='ltr'>menda,</span> <span class='ocrx_word' id='word_1_187' title='bbox 402 3305 527 3368; x_wconf 89' lang='lat' dir='ltr'>leuiora</span> <span class='ocrx_word' id='word_1_188' title='bbox 549 3305 751 3388; x_wconf 89' lang='lat' dir='ltr'>praesertim,</span> <span class='ocrx_word' id='word_1_189' title='bbox 777 3314 972 3367; x_wconf 89' lang='lat' dir='ltr'>correctores</span> <span class='ocrx_word' id='word_1_190' title='bbox 995 3327 1108 3367; x_wconf 91' lang='lat' dir='ltr'>eorum</span> <span class='ocrx_word' id='word_1_191' title='bbox 1130 3309 1271 3370; x_wconf 89' lang='lat' dir='ltr'>sustule-</span> 
     </span>
     <span class='ocr_line' id='line_1_26' title="bbox 240 3423 1271 3510; baseline -0.001 -20"><span class='ocrx_word' id='word_1_192' title='bbox 240 3438 329 3506; x_wconf 87' lang='lat' dir='ltr'>runt,</span> <span class='ocrx_word' id='word_1_193' title='bbox 360 3446 559 3510; x_wconf 90' lang='lat' dir='ltr'>quamquam</span> <span class='ocrx_word' id='word_1_194' title='bbox 586 3423 687 3486; x_wconf 91' lang='lat' dir='ltr'>iidem</span> <span class='ocrx_word' id='word_1_195' title='bbox 717 3424 807 3486; x_wconf 89' lang='lat' dir='ltr'>haud</span> <span class='ocrx_word' id='word_1_196' title='bbox 833 3444 904 3486; x_wconf 92' lang='lat' dir='ltr'>raro</span> <span class='ocrx_word' id='word_1_197' title='bbox 934 3425 1020 3485; x_wconf 92' lang='lat' dir='ltr'>bona</span> <span class='ocrx_word' id='word_1_198' title='bbox 1049 3425 1271 3507; x_wconf 87' lang='lat' dir='ltr'>deprauarunt</span> 
     </span>
     <span class='ocr_line' id='line_1_27' title="bbox 241 3542 1270 3634; baseline -0.001 -24"><span class='ocrx_word' id='word_1_199' title='bbox 241 3559 299 3612; x_wconf 92' lang='lat' dir='ltr'>aut</span> <span class='ocrx_word' id='word_1_200' title='bbox 321 3557 473 3629; x_wconf 91' lang='lat' dir='ltr'>corrupta</span> <span class='ocrx_word' id='word_1_201' title='bbox 496 3544 698 3634; x_wconf 83' lang='lat' dir='ltr'>corruptiore</span> <span class='ocrx_word' id='word_1_202' title='bbox 726 3543 900 3605; x_wconf 92' lang='lat' dir='ltr'>dederunt:</span> <span class='ocrx_word' id='word_1_203' title='bbox 936 3542 1000 3604; x_wconf 92' lang='lat' dir='ltr'>alia</span> <span class='ocrx_word' id='word_1_204' title='bbox 1029 3543 1064 3605; x_wconf 92' lang='lat' dir='ltr'>in</span> <span class='ocrx_word' id='word_1_205' title='bbox 1087 3545 1270 3609; x_wconf 88' lang='lat' dir='ltr'>Heinsiano</span> 
     </span>
     <span class='ocr_line' id='line_1_28' title="bbox 241 3664 1271 3749; baseline -0.005 -17"><span class='ocrx_word' id='word_1_206' title='bbox 241 3669 410 3733; x_wconf 85' lang='lat' dir='ltr'>emendate</span> <span class='ocrx_word' id='word_1_207' title='bbox 434 3665 555 3749; x_wconf 88' lang='lat' dir='ltr'>scripta</span> <span class='ocrx_word' id='word_1_208' title='bbox 576 3674 660 3741; x_wconf 89' lang='lat' dir='ltr'>sunt,</span> <span class='ocrx_word' id='word_1_209' title='bbox 686 3675 719 3725; x_wconf 93' lang='lat' dir='ltr'>et</span> <span class='ocrx_word' id='word_1_210' title='bbox 732 3664 818 3725; x_wconf 92' lang='lat' dir='ltr'>bona</span> <span class='ocrx_word' id='word_1_211' title='bbox 833 3683 907 3744; x_wconf 91' lang='lat' dir='ltr'>pars</span> <span class='ocrx_word' id='word_1_212' title='bbox 927 3664 1102 3744; x_wconf 90' lang='lat' dir='ltr'>probarum</span> <span class='ocrx_word' id='word_1_213' title='bbox 1117 3667 1271 3729; x_wconf 92' lang='lat' dir='ltr'>emenda-</span> 
     </span>
     <span class='ocr_line' id='line_1_29' title="bbox 240 3781 1270 3863; baseline -0.005 -10"><span class='ocrx_word' id='word_1_214' title='bbox 240 3789 369 3853; x_wconf 91' lang='lat' dir='ltr'>tionum</span> <span class='ocrx_word' id='word_1_215' title='bbox 396 3810 436 3850; x_wconf 84' lang='lat' dir='ltr'>ex</span> <span class='ocrx_word' id='word_1_216' title='bbox 465 3784 537 3849; x_wconf 91' lang='lat' dir='ltr'>aliis</span> <span class='ocrx_word' id='word_1_217' title='bbox 565 3783 656 3847; x_wconf 90' lang='lat' dir='ltr'>libris</span> <span class='ocrx_word' id='word_1_218' title='bbox 683 3783 847 3859; x_wconf 83' lang='lat' dir='ltr'>hauritur,</span> <span class='ocrx_word' id='word_1_219' title='bbox 879 3781 936 3863; x_wconf 91' lang='lat' dir='ltr'>qui</span> <span class='ocrx_word' id='word_1_220' title='bbox 964 3783 1056 3844; x_wconf 90' lang='lat' dir='ltr'>nulla</span> <span class='ocrx_word' id='word_1_221' title='bbox 1079 3785 1270 3848; x_wconf 82' lang='lat' dir='ltr'>auctoritate</span> 
     </span>
     <span class='ocr_line' id='line_1_30' title="bbox 241 3903 1270 3987; baseline -0.007 -13"><span class='ocrx_word' id='word_1_222' title='bbox 241 3933 318 3974; x_wconf 91' lang='lat' dir='ltr'>eum</span> <span class='ocrx_word' id='word_1_223' title='bbox 340 3920 469 3972; x_wconf 91' lang='lat' dir='ltr'>tantum</span> <span class='ocrx_word' id='word_1_224' title='bbox 484 3927 582 3969; x_wconf 88' lang='lat' dir='ltr'>usum</span> <span class='ocrx_word' id='word_1_225' title='bbox 596 3905 726 3980; x_wconf 90' lang='lat' dir='ltr'>habent,</span> <span class='ocrx_word' id='word_1_226' title='bbox 752 3912 790 3964; x_wconf 90' lang='lat' dir='ltr'>ut</span> <span class='ocrx_word' id='word_1_227' title='bbox 804 3924 862 3984; x_wconf 92' lang='lat' dir='ltr'>per</span> <span class='ocrx_word' id='word_1_228' title='bbox 877 3912 1077 3985; x_wconf 87' lang='lat' dir='ltr'>grassantem</span> <span class='ocrx_word' id='word_1_229' title='bbox 1092 3903 1270 3987; x_wconf 88' lang='lat' dir='ltr'>interpola-</span> 
     </span>
     <span class='ocr_line' id='line_1_31' title="bbox 240 4019 1270 4103; baseline -0.01 -7"><span class='ocrx_word' id='word_1_230' title='bbox 240 4031 339 4096; x_wconf 92' lang='lat' dir='ltr'>tionis</span> <span class='ocrx_word' id='word_1_231' title='bbox 361 4028 577 4093; x_wconf 86' lang='lat' dir='ltr'>temeritatem</span> <span class='ocrx_word' id='word_1_232' title='bbox 600 4023 738 4088; x_wconf 91' lang='lat' dir='ltr'>subinde</span> <span class='ocrx_word' id='word_1_233' title='bbox 762 4043 839 4084; x_wconf 89' lang='lat' dir='ltr'>uere</span> <span class='ocrx_word' id='word_1_234' title='bbox 862 4019 999 4082; x_wconf 89' lang='lat' dir='ltr'>inuenta</span> <span class='ocrx_word' id='word_1_235' title='bbox 1013 4024 1197 4103; x_wconf 91' lang='lat' dir='ltr'>praebeant.</span> <span class='ocrx_word' id='word_1_236' title='bbox 1236 4026 1270 4086; x_wconf 91' lang='lat' dir='ltr'>id</span> 
     </span>
    </p>
   </div>
   <div class='ocr_carea' id='block_1_3' title="bbox 240 4139 1270 4238">
    <p class='ocr_par' dir='ltr' id='par_1_4' title="bbox 240 4139 1270 4238">
     <span class='ocr_line' id='line_1_32' title="bbox 240 4139 1270 4238; baseline -0.011 -21"><span class='ocrx_word' id='word_1_237' title='bbox 240 4175 344 4238; x_wconf 82' lang='lat' dir='ltr'>genus</span> <span class='ocrx_word' id='word_1_238' title='bbox 366 4150 532 4226; x_wconf 92' lang='lat' dir='ltr'>librorum,</span> <span class='ocrx_word' id='word_1_239' title='bbox 558 4145 645 4229; x_wconf 90' lang='lat' dir='ltr'>quod</span> <span class='ocrx_word' id='word_1_240' title='bbox 666 4152 794 4227; x_wconf 85' lang='lat' dir='ltr'>practer</span> <span class='ocrx_word' id='word_1_241' title='bbox 808 4139 985 4204; x_wconf 89' lang='lat' dir='ltr'>Leidenses</span> <span class='ocrx_word' id='word_1_242' title='bbox 1012 4140 1154 4208; x_wconf 83' lang='lat' dir='ltr'>adhibui.</span> <span class='ocrx_word' id='word_1_243' title='bbox 1180 4144 1270 4207; x_wconf 87' lang='lat' dir='ltr'>dete-</span> 
     </span>
    </p>
   </div>
   <div class='ocr_carea' id='block_1_4' title="bbox 0 0 1521 4876">
    <p class='ocr_par' dir='ltr' id='par_1_5' title="bbox 0 0 1521 4876">
     <span class='ocr_line' id='line_1_33' title="bbox 0 0 1521 4876; baseline 0 0"><span class='ocrx_word' id='word_1_244' title='bbox 0 0 1521 4876; x_wconf 95' lang='lat' dir='ltr'> </span> 
     </span>
    </p>
   </div>
  </div>
 </body>
</html>
