3030 4876
282 361 323 423 82
745 372 768 412 ιι
786 363 810 422 5,
828 362 855 410 11

281 531 421 615 populis,
455 531 568 593 fauore
598 531 701 615 magis
731 553 830 613 quam
858 533 1026 616 relegam
1048 555 1171 596 nomen
1194 543 1322 597 tenent.

283 656 415 697 omnem
443 634 532 697 enim
561 635 676 719 legem,
709 656 792 716 quae
816 635 949 718 quidem
971 647 1059 698 recte
1082 637 1137 698 lex
1159 637 1324 719 appellari

281 738 391 821 possit,
424 760 492 801 esse
522 739 724 802 laudabilem
755 738 950 820 quibusdam
974 739 1093 802 talibus
1116 740 1324 823 argumentis

280 842 408 904 docent.
426 851 551 903 constat
567 841 713 924 profecto
729 841 770 903 ad
785 840 925 903 salutem
937 841 1064 904 ciuium
1079 841 1322 926 ciuitatumque

247 962 261 1002 s
279 943 541 1007 incolumitatem
570 945 739 1027 uitamque
768 944 942 1007 hominum
965 945 1111 1027 quietam
1133 956 1166 1008 et
1188 946 1322 1009 beatam

278 1047 432 1110 inuentus
455 1069 523 1110 esse
546 1047 642 1131 leges
669 1069 795 1130 eosque,
815 1047 871 1129 qui
886 1047 1031 1131 primum
1046 1049 1117 1111 eius
1132 1049 1222 1110 modi
1236 1049 1320 1112 scita

278 1149 455 1228 sanxerint,
480 1150 611 1234 populis
634 1150 820 1228 ostendisse,
846 1172 939 1213 ease
961 1151 1138 1234 scripturos
1154 1162 1253 1234 atque
1269 1152 1319 1214 la-

277 1264 375 1331 turos,
401 1253 520 1335 quibus
543 1253 593 1316 illi
616 1253 747 1316 adscitis
761 1252 985 1336 susceptisque
1000 1253 1136 1317 honeste
1155 1255 1319 1337 beateque

277 1357 446 1433 uiuerent;
477 1378 626 1439 quaeque
653 1357 699 1419 ita
730 1356 898 1439 conposita
920 1367 1096 1439 sanctaque
1120 1370 1235 1435 essent,
1263 1381 1318 1422 eas

233 1461 365 1544 releges
397 1460 553 1523 uidelicet
581 1460 800 1523 nominarent.
833 1481 874 1522 ex
905 1480 969 1542 quo
998 1459 1148 1544 intellegi
1176 1482 1237 1544 par
1268 1473 1317 1524 est

276 1630 384 1702 scriptae
401 1633 458 1685 AB
476 1629 613 1701 descripte
631 1632 667 1684 H
784 1632 795 1680 1
816 1627 908 1700 poplis
924 1632 959 1684 H
973 1629 1085 1700 populis
1106 1633 1175 1701 sfuit
1192 1630 1314 1702 populis>

275 1719 331 1771 AB
350 1717 496 1782 (coniunxit
515 1721 647 1770 corrector
664 1714 759 1786 populi
777 1715 883 1779 fauore,
904 1721 933 1768 ut
951 1718 980 1768 in
998 1716 1159 1769 editionibus
1176 1719 1316 1771 nonnullis

274 1802 464 1856 uetustioribus
487 1803 596 1874 sepitur)
719 1801 816 1855 seuero
830 1821 891 1855 corr
908 1802 1006 1855 fauore
1023 1805 1079 1856 AB
1097 1803 1189 1856 fauori
1208 1805 1255 1856 sed
1272 1821 1315 1856 ori

275 1889 303 1941 in
322 1906 420 1941 rasura
433 1890 469 1942 H
556 1905 597 1940 rei
616 1893 637 1952 (i
654 1896 683 1941 ut
700 1890 808 1941 uidetur
826 1907 842 1940 a
862 1893 934 1953 corr)
954 1889 989 1941 H
1076 1906 1182 1941 tenunt
1199 1890 1227 1942 Β

274 1977 290 2026 2
303 1971 418 2043 apellari
429 1975 519 2027 ABH
600 1976 616 2025 4
629 1971 741 2027 constat
755 1973 758 2042 l
769 1977 790 2038 (t
802 1979 948 2027 extremum
960 1975 989 2027 in
1001 1992 1048 2027 ras
1061 1980 1129 2039 corr)
1142 1976 1314 2029 Heinsianus

273 2057 403 2113 constant
415 2061 471 2113 AB
576 2062 590 2129 5
610 2058 829 2112 incolomitatem
847 2062 882 2114 H
896 2057 1118 2112 incolomitatum
1137 2079 1197 2113 corr
1208 2058 1314 2113 Incola·

272 2162 417 2198 mitatcsm
429 2147 457 2198 A
475 2143 666 2199 incolomitate
685 2164 746 2198 corr
763 2144 954 2199 incolomitats
972 2148 1001 2200 Β
1098 2164 1183 2216 uitaq3
1198 2164 1261 2200 corr
1270 2164 1313 2199 ui-

270 2237 325 2301 tiq
342 2232 370 2284 Β
478 2219 588 2285 homini
604 2236 631 2285 A
736 2232 865 2300 quisqam
882 2235 909 2286 B
926 2232 1019 2300 quista
1037 2233 1093 2296 (sta
1110 2233 1140 2285 in
1157 2237 1267 2297 rasura)
1286 2239 1313 2286 A

375 2337 391 2387 6
409 2333 539 2387 inuentas
548 2335 718 2389 Heinsianus
736 2309 846 2387 iiiinas
862 2333 899 2396 (di
918 2353 978 2387 corr
996 2353 1027 2387 ea
1045 2340 1081 2399 ui)
1101 2337 1128 2387 A
1142 2300 1259 2411 inibat
1268 2337 1308 2400 B,-

269 2443 385 2508 apparet
397 2438 572 2508 primitiuam
589 2439 754 2508 scripturam
772 2438 844 2491 intas
860 2439 953 2506 fuisse
975 2442 1016 2501 (ut
1033 2440 1063 2501 3,
1081 2440 1126 2501 19,
1142 2440 1176 2490 44
1188 2439 1255 2492 intis
1273 2443 1312 2492 est

270 2524 300 2576 iu
319 2523 396 2576 libris
409 2543 463 2594 pro
482 2524 626 2590 inuentis),
647 2524 727 2593 idque
746 2525 896 2578 Heinsiani
911 2529 1045 2576 auctorem
1063 2529 1129 2576 recte
1147 2525 1310 2597 interpreta-

270 2614 326 2662 tum
435 2608 518 2664 scitas
540 2628 670 2663 unxerint
689 2627 742 2678 per
765 2628 890 2663 rasuram
912 2614 1045 2662 mutatum
1063 2610 1091 2663 in
1110 2608 1196 2664 scitas
1215 2609 1310 2665 sanxe-

270 2712 330 2749 rint
346 2701 374 2748 A
474 2693 660 2750 trauexerint
678 2699 705 2750 B
724 2695 876 2750 sanxerunt
893 2697 930 2749 H
1024 2694 1071 2749 eas
1087 2713 1166 2767 epar
1183 2715 1310 2752 rasuram

269 2800 331 2836 corr
343 2783 372 2835 iu
391 2799 440 2834 eae
459 2780 486 2835 se
499 2785 526 2834 A
630 2780 785 2851 scripturus
800 2799 884 2851 atque
900 2780 1013 2835 laturus
1027 2783 1170 2852 (utrobique
1188 2781 1221 2836 os
1237 2790 1306 2850 corr)

268 2868 362 2923 ΑΒΗ
467 2870 482 2919 8
501 2865 558 2934 illis
573 2869 746 2921 Monacensis
764 2865 821 2920 ilhs
836 2869 929 2920 ΑΒΗ
1034 2868 1128 2922 ascitis
1146 2888 1215 2923 unus
1237 2872 1309 2924 Goe-

268 2955 367 3018 renaii,
389 2954 539 3009 Lumbiuus
556 2957 621 3006 teste
639 2954 757 3006 Dauisio
778 2957 851 3018 [nam
869 2955 898 3007 in
915 2954 1029 3007 editione
1048 2955 1179 3008 Lambini
1195 2975 1220 3010 a.
1240 2960 1307 3012 1565

268 3040 396 3109 ascriptis
413 3046 443 3094 ut
460 3040 489 3093 iu
502 3040 640 3109 plerisque
658 3040 756 3104 sepitur
774 3040 974 3109 necquicquam
992 3041 1141 3113 adnotatur)
1161 3039 1312 3114 adscriptis

267 3128 359 3180 ABH
373 3126 476 3180 ascitus
493 3127 636 3180 deteriores
654 3126 779 3179 uorrnulti
881 3124 968 3179 hones
982 3113 1097 3195 beatisq
1116 3145 1179 3181 corr
1196 3127 1308 3184 honesti

265 3211 383 3282 beansq
403 3214 431 3266 B
452 3210 568 3266 honeste
591 3212 729 3280 beateque
748 3231 809 3264 corr
825 3229 857 3264 ea
873 3209 985 3264 honesti
1001 3213 1133 3282 beatique
1151 3219 1177 3267 A
1194 3214 1308 3268 honesti
1368 3217 1388 3284 “,

265 3296 367 3368 beatiq3
381 3300 417 3351 H
512 3301 527 3349 9
546 3315 599 3375 quq
618 3314 680 3350 cum
698 3299 787 3350 itaH
884 3296 1041 3368 conpositas!
1062 3302 1085 3363 (a
1103 3299 1132 3351 in
1150 3301 1224 3353 exitu
1233 3303 1310 3370 solii

267 3401 329 3436 corr
345 3403 378 3436 ea
396 3402 427 3437 ae
445 3388 477 3436 ut
493 3385 606 3448 uidetur)
620 3388 647 3436 A
741 3382 787 3436 eas
797 3385 826 3436 iu
844 3403 941 3437 rasura
960 3387 987 3437 A
1088 3387 1119 3436 lo
1135 3404 1306 3442 nominarem

267 3486 328 3522 corr
346 3487 396 3522 ent
413 3471 440 3521 B
459 3471 525 3534 (sie)
544 3487 720 3522 nominarent
736 3471 813 3534 ΑΗ,
834 3476 859 3522 et
875 3470 936 3534 boc,
958 3472 1026 3538 quod
1049 3471 1185 3524 Victoriae
1208 3474 1238 3525 in
1256 3492 1307 3528 no-

265 3554 419 3620 minarunt,
434 3556 487 3609 alii
502 3557 583 3609 aliter
600 3560 752 3619 enatarunt,
771 3556 931 3608 conueniens
948 3557 1094 3609 sententiae
1111 3562 1137 3611 et
1149 3574 1237 3627 paene
1254 3578 1305 3613 ne-

266 3641 410 3693 cessarium
428 3661 483 3694 esse
500 3641 603 3705 iudico,
625 3642 650 3694 si
667 3643 772 3712 quidem
790 3643 838 3694 boe
855 3643 1007 3713 siprnfleari
1023 3644 1166 3709 intererat,
1185 3644 1260 3698 iussu
1279 3651 1304 3700 et

266 3728 426 3780 auctoritate
450 3729 565 3780 latorum
589 3746 619 3780 ea
643 3729 711 3781 scita
730 3747 746 3781 a
766 3729 877 3799 populis
901 3728 970 3798 sepes
993 3730 1146 3782 nominari:
1169 3749 1254 3801 neque
1272 3734 1303 3786 in

265 3814 477 3880 conformatione
499 3814 645 3867 sententiae
666 3816 860 3885 difficultatem
878 3832 1004 3884 aquosae,
1026 3815 1122 3882 censer
1138 3817 1170 3869 de
1186 3823 1254 3870 orat.
1275 3821 1299 3883 2,

264 3901 310 3962 86,
330 3901 380 3950 352
399 3897 533 3952 Simonidi
551 3899 654 3953 dixisse
673 3918 702 3954 sc
715 3901 859 3955 dimidium
877 3903 937 3956 eius
956 3902 981 3956 ei
1000 3902 1142 3957 daturum:
1163 3902 1302 3973 reliquum

262 3983 454 4054 a'lbndaridis
466 3994 579 4057 peteret.
597 3987 651 4051 [boe
668 4006 750 4039 urium
768 3991 915 4058 eaernplum
928 4007 1080 4058 posueram,
1100 4009 1154 4043 non
1167 3991 1247 4059 quasi
1256 4009 1301 4043 ra-

261 4072 296 4123 tio
315 4072 424 4124 dicendi
433 4073 581 4145 maculares
593 4079 668 4137 esset,
684 4075 730 4126 sed
743 4078 772 4126 ut
783 4080 870 4128 tamen
884 4094 966 4127 uuum
978 4076 1120 4145 quaerenti
1128 4077 1158 4128 in
1167 4083 1301 4147 promptu

257 4161 340 4209 esset:
360 4176 424 4211 uam
441 4177 505 4211 usus
523 4160 573 4212 iste
591 4159 720 4212 latissime
741 4166 816 4230 patet
834 4162 1014 4229 pturunisque
1038 4163 1167 4232 ‘enuptio
1189 4163 1300 4218 Cicero-
