3030 4876
609 395 644 435 111
661 385 704 445 ro,
724 386 837 435 ιιι-ιι
1178 384 1242 447 aba

211 580 289 620 cum
311 557 414 640 magis
435 556 567 618 iudiciis
582 578 681 638 quam
696 556 806 618 uerbis
819 555 1016 618 sanciendae
1030 556 1105 620 sint.
1122 555 1242 618 adiun-

210 662 301 745 gitur
318 654 451 722 ‘noxiae
472 681 577 742 poena
599 681 659 742 par
681 652 767 729 esto',
791 658 886 720 utin
908 679 968 721 suo
990 657 1073 722 uitio
1103 656 1242 741 quisque

210 765 382 847 plectatur.
407 765 459 825 uis
481 764 596 846 capite.
621 763 758 825 auaritia
780 761 894 825 multa.
924 761 1057 824 honoris
1079 759 1243 845 cupiditas

210 867 392 951 ignominia
421 868 595 928 sanciatur.
633 879 797 928 extremae
825 865 914 948 leges
944 876 1021 928 sunt
1051 864 1146 929 nobis
1174 886 1242 928 nou

210 971 358 1036 usitatae,
379 969 427 1031 rei
440 970 593 1052 publicae
608 969 819 1032 necessariae.
842 968 954 1052 legum
969 968 1151 1032 custodiam
1165 969 1243 1031 nul-
1261 986 1273 1024 a

210 1073 278 1135 lam
306 1073 474 1147 habemus,
503 1073 614 1155 itaque
641 1094 698 1134 eae
720 1069 809 1155 leges
830 1085 916 1136 sunt,
941 1093 1022 1154 quas
1044 1071 1244 1156 apparitores

210 1178 314 1239 nostri
335 1177 469 1239 uolunt:
494 1198 513 1238 a
534 1176 675 1238 librariis
695 1176 845 1258 petimus.
863 1175 1004 1258 publicis
1025 1174 1143 1238 litteris
1165 1196 1244 1238 con-

211 1280 373 1363 signatam
395 1279 588 1342 memoriam
609 1279 777 1361 publicam
796 1278 923 1340 nullam
937 1278 1106 1341 babemus.
1122 1278 1243 1343 Graeci

210 1383 273 1445 hoc
302 1383 505 1466 diligentius,
538 1383 627 1465 apud
656 1403 736 1464 quos
764 1377 1001 1465 ’νομοφύλακες
1031 1383 1242 1448 creabantur:
1312 1385 1318 1401 “

211 1507 272 1548 nec
294 1486 325 1548 ei
346 1485 453 1548 solum
472 1486 604 1563 litteras,
628 1506 707 1546 nam
728 1484 763 1547 id
786 1484 919 1567 quidem
942 1484 1041 1547 etiam
1063 1484 1152 1568 apud
1173 1506 1244 1547 ma·
1263 1497 1287 1538 ¹⁰

210 1588 294 1651 iores
321 1601 447 1652 nostros
478 1601 555 1665 erat,
585 1587 764 1651 sedetiam
787 1586 874 1649 facta
895 1587 1068 1650 bominum
1089 1589 1244 1650 obserua-

161 1700 200 1753 47
210 1693 291 1754 bant
313 1693 355 1754 ad
375 1692 530 1776 legesque
552 1693 760 1754 reuocabant.
784 1690 865 1753 haec
889 1691 984 1753 detur
1006 1711 1084 1753 cura
1100 1691 1244 1754 censori-

210 1796 279 1871 bus,
298 1795 579 1878 quandoquidem
594 1816 648 1858 eos
670 1795 706 1856 iu
728 1815 763 1857 re
784 1792 919 1876 publica
940 1815 1068 1876 semper
1090 1793 1244 1857 uolumus

211 1918 291 1959 esse:
324 1899 413 1980 apud
442 1899 580 1974 eosdem,
615 1897 672 1980 qui
701 1896 894 1980 magistratu
916 1895 1064 1962 abierint.
1089 1896 1189 1959 edant
1211 1908 1243 1960 et

210 2012 384 2082 exponant,
410 2002 489 2083 quid
511 2002 547 2064 in
570 2001 762 2085 magistratu
784 2000 950 2084 gesserint,
976 2000 1081 2082 deque
1104 1998 1144 2062 iis
1165 2021 1244 2062 cen·
1264 2013 1286 2052 ¹³

209 2123 295 2165 sores
323 2103 558 2186 praeiudicent.
589 2104 650 2166 hoc
681 2104 717 2164 in
740 2103 879 2167 Graecia
900 2105 939 2166 fit
966 2102 1098 2186 publice
1122 2102 1243 2166 consti-

209 2205 289 2267 tutis
311 2207 561 2284 accusatoribus,
587 2206 801 2289 quiquidem
827 2227 943 2290 graues
973 2227 1041 2269 esse
1071 2226 1139 2268 uon
1167 2227 1242 2289 pos-

209 2318 298 2384 sunt,
330 2308 394 2370 uisi
426 2323 504 2373 sunt
534 2309 729 2386 uoluntarii;
768 2308 920 2390 quocirca
948 2308 1067 2371 melius
1102 2307 1243 2372 rationes

210 2513 281 2581 quod
300 2513 340 2563 ibi
357 2512 486 2565 Baiterus
504 2514 634 2582 replerit:
656 2515 694 2582 cs.
715 2512 876 2583 Maduiqius
893 2513 925 2566 de
934 2515 989 2584 fia.
1010 2514 1033 2576 3,
1050 2514 1091 2576 22,
1108 2514 1139 2564 73

211 2600 221 2648 1
243 2596 386 2676 sanclende
405 2584 419 2651 i
435 2601 490 2652 AB
577 2599 633 2652 sint
650 2599 781 2653 Victoria
868 2601 883 2650 2
905 2616 987 2652 noxie
1005 2614 1092 2669 paena
1110 2600 1145 2662 B,
1166 2599 1194 2652 ia
1215 2601 1242 2652 A

202 2685 268 2752 sere
286 2684 402 2736 caenida
505 2683 658 2753 parlaaesto
682 2687 742 2754 (par
764 2684 882 2737 iberita
901 2702 994 2738 uersus
1012 2671 1037 2736 α’
1048 2700 1108 2738 corr
1126 2684 1192 2748 add)
1215 2686 1243 2737 A

325 2769 402 2822 utin
421 2769 591 2823 editiones&
609 2788 637 2822 in
655 2772 711 2824 AB
832 2787 903 2823 u1c1o
922 2771 949 2824 B
1071 2771 1085 2820 3
1105 2787 1199 2823 auarla
1216 2769 1243 2822 B

208 2846 303 2924 auarii
321 2874 348 2923 A
452 2872 563 2943 cupitas
577 2875 605 2928 B
623 2839 735 2944 cupiias
751 2878 776 2938 (ιι
794 2873 824 2926 ite
842 2877 945 2938 rasura)
968 2875 996 2925 A
1100 2876 1115 2924 4
1133 2871 1242 2941 sanlua·

207 2975 257 3010 rur
275 2968 299 3010 A
321 2953 424 3010 senciat
442 2959 469 3009 Β
585 2976 707 3012 extreme
727 2960 785 3011 AB
910 2957 1033 3014 itiitere
1053 2959 1080 3010 B
1094 2957 1241 3036 riaustrarq

208 3046 236 3096 A
257 3044 326 3112 (fuit
350 3040 504 3118 nonstratq,
524 3044 719 3124 sed'eoetremae
742 3045 848 3097 litterae
866 3063 913 3122 atq
932 3045 985 3115 leqi
1001 3044 1049 3098 uix
1063 3049 1191 3116 postulet,
1212 3050 1241 3097 ot

205 3131 288 3197 pluro
307 3129 335 3180 ire
354 3130 405 3180 leuc
422 3129 518 3182 ultiina
533 3130 637 3199 papiria
655 3130 750 3184 codicis
767 3130 883 3199 difficile
901 3133 1035 3200 leputatur]
1174 3132 1190 3184 6
1210 3146 1241 3184 aa

205 3212 267 3283 lege
286 3212 352 3266 sunt
371 3215 398 3267 Β
519 3215 712 3285 leonsrgnata
730 3217 758 3268 B
890 3214 1126 3270 9drl1oenuulB

207 3297 421 3370 uomophylaeel
437 3300 495 3354 AB
610 3302 773 3355 creabantur
793 3302 900 3355 Badius
918 3319 1048 3356 creantur
1068 3302 1127 3355 AB

209 3386 239 3436 10
258 3403 307 3438 nee
326 3385 345 3437 ii
364 3386 491 3440 editiones
509 3405 553 3440 ner
572 3388 630 3441 AB
735 3389 765 3439 12
784 3386 861 3456 leges
876 3404 946 3457 quae
965 3389 992 3441 B
1087 3405 1136 3441 eur
1154 3385 1239 3442 acees-

207 3469 284 3529 sor1b;
305 3471 332 3522 B
437 3473 517 3543 Coris.
533 3474 556 3536 3,
573 3473 596 3538 3,
614 3476 628 3523 7
647 3473 679 3525 de
697 3472 845 3526 censoribus
865 3490 896 3526 ea
914 3479 1037 3544 potestas
1056 3490 1162 3543 semper
1180 3480 1238 3526 esto

323 3558 355 3608 14
373 3554 518 3610 abeosdem
536 3559 564 3610 B
685 3557 842 3626 magistrati
862 3559 890 3612 Β
1012 3562 1043 3612 15
1063 3558 1193 3629 οκΙροιιιιτ
1212 3559 1239 3612 Β

320 3641 407 3712 deque
430 3642 464 3695 iis
490 3660 616 3697 censores
640 3644 767 3697 editiones
789 3643 989 3714 dequncensore
1008 3645 1035 3698 Β
1052 3651 1131 3715 atque
1148 3645 1239 3699 eodem

205 3728 268 3779 lieet
285 3728 364 3780 ualde
381 3728 492 3781 obscura
508 3731 601 3782 uideor
619 3730 648 3782 ia
667 3732 695 3782 A
714 3730 801 3797 defflere
906 3733 938 3783 16
956 3729 1066 3800 publice
1085 3731 1110 3795 (b
1129 3748 1190 3784 corr
1207 3749 1239 3783 ec

205 3818 229 3882 p)
251 3816 279 3865 A
368 3816 399 3866 17
421 3816 485 3882 [quq
507 3822 680 3869 accusatores
697 3815 814 3880 sedicet,
834 3833 886 3868 nott
904 3814 1014 3885 publice
1035 3815 1178 3869 constituti
1196 3832 1238 3869 ac·

206 3906 360 3953 tutatores:
381 3917 482 3952 merum
500 3901 569 3952 enim
587 3920 680 3954 ttamen
698 3904 784 3971 refert
797 3919 960 3969 pronomen:
981 3903 1011 3954 de
1028 3920 1076 4005 quo
1091 3920 1185 3970 qaaere
1197 3902 1238 3955 di-

204 4001 280 4054 eiiii
299 4002 645 4073 iud.‚tect.1878p.7aq.]
736 4020 821 4072 graue
839 4005 866 4057 B
958 4006 988 4056 18
1008 3979 1109 4057 nilum
1122 4007 1149 4057 A

204 4085 372 4140 uoluntarns
389 4089 416 4142 Β
433 4086 603 4142 uoluntarn*
623 4092 651 4142 A
764 4087 993 4168 quocrrtumelrus
1008 4090 1036 4143 Β
1053 4106 1235 4158 quoerrcame·

203 4169 258 4224 hus
273 4175 319 4225 sed
337 4192 352 4225 a
371 4192 432 4226 corr
449 4194 481 4226 ex
499 4193 514 4227 ο
533 4177 576 4228 uel
592 4194 610 4227 u
630 4179 657 4228 A
741 4181 805 4244 poet
822 4173 920 4228 melius
939 4176 1042 4228 addunt
1060 4183 1102 4228 est
1119 4175 1237 4229 editores
