2994 4884
352 363 411 425 128
799 370 822 410 11
842 359 881 420 ιο,
897 358 929 408 45

349 552 427 614 pore
443 540 627 592 extractum
649 530 739 593 haud
762 529 838 592 satis
861 538 987 591 eastum
1010 528 1134 591 donum
1153 529 1223 591 deo.
1247 528 1317 591 iam
1333 551 1389 592 aes

351 644 449 717 atque
476 633 601 695 ferrum
631 632 733 695 duelli
761 632 992 724 instrumenta,
1024 654 1092 695 non
1120 631 1199 694 fani.
1234 631 1389 715 ligneum

325 723 328 729 ¹
350 747 461 798 autem
488 736 640 819 quodque
668 735 811 798 uoluerit
837 757 903 798 uno
931 757 948 797 e
974 733 1064 818 ligno
1092 733 1208 812 dicato,
1237 734 1388 817 itemque

349 839 525 922 lapideum,
550 839 587 901 in
610 828 755 901 delubris
775 837 1012 915 communibus,
1030 838 1143 900 textile
1159 859 1201 900 ne
1217 838 1389 920 operosius

318 943 469 1024 5[quam]
496 941 644 1004 mulieris
672 963 754 1024 opus
785 950 1000 1003 menstruum
1036 942 1123 1004 color
1152 951 1264 1003 autem
1290 941 1389 1004 albus

349 1045 525 1128 praecipue
541 1044 678 1107 decorus
695 1044 755 1106 deo
778 1054 826 1106 est
849 1064 925 1105 eum
947 1043 984 1105 in
1007 1055 1121 1121 cetero,
1147 1054 1218 1106 tum
1241 1043 1388 1106 maxime

349 1148 385 1210 in
408 1146 523 1225 textili,
549 1147 654 1209 tincta
676 1168 754 1210 uero
778 1146 885 1210 absint
907 1146 1014 1224 nisio
1034 1145 1161 1209 bellicis
1187 1145 1386 1229 insignibus.

350 1248 556 1312 diuinissima
578 1260 690 1312 autem
712 1250 798 1312 dona
820 1271 898 1311 aues
921 1260 954 1312 et
975 1248 1098 1312 formae
1121 1251 1161 1312 ab
1177 1270 1244 1312 uno
1259 1248 1389 1332 pictore

350 1374 417 1415 uno
433 1353 599 1416 absolutae
624 1353 689 1430 die3
714 1352 858 1435 itemque
882 1362 989 1414 cetera
1010 1351 1110 1414 huius
1133 1351 1276 1435 exempli
1300 1352 1389 1415 dona

1420 1504 1431 1541 0

349 1574 489 1661 iumeiior
507 1609 535 1661 Β
551 1573 701 1677 tumjeiiiur
719 1612 755 1663 H
856 1610 868 1658 1
890 1607 1032 1661 exstracti]
1051 1607 1080 1661 Β
1173 1626 1224 1661 aut
1236 1626 1299 1660 conr
1310 1607 1390 1662 haud

351 1712 410 1763 AB
419 1676 469 1763 hili
482 1714 533 1776 (ree
551 1714 682 1779 uipereor)
707 1713 743 1764 H
843 1710 906 1774 deo]
924 1709 958 1763 do
978 1711 1042 1763 BH
1141 1709 1228 1764 Iomel
1244 1713 1281 1765 H

350 1816 365 1865 2
385 1812 470 1865 duelli
488 1813 670 1866 instrumenta
688 1813 832 1867 deteriores
850 1811 951 1866 duellis
964 1787 1065 1888 atiibta
1077 1814 1105 1866 Β
1122 1813 1238 1867 duellis*
1249 1787 1390 1890 ttiinenta

354 1914 376 1980 (l
392 1935 405 1967 e
423 1924 490 1981 corr)
513 1919 541 1969 A
560 1914 675 1986 duelilh
695 1915 798 1968 [ταιῖιτο
816 1919 853 1970 H
939 1916 1063 1971 fimfam
1081 1917 1109 1969 Β
1199 1915 1327 1986 ligneum
1344 1919 1389 1972 de·

350 2002 460 2054 leuiores
477 1999 556 2070 hgnu
575 2002 671 2054 ΑΒΗ
763 2003 778 2053 3
797 2001 980 2071 quodeunque
998 2002 1142 2056 deteriores
1159 2002 1234 2071 quod
1252 2002 1302 2073 qui
1318 2004 1390 2057 Tur-

350 2086 431 2139 nebus
448 2086 523 2156 quod
541 2087 603 2157 quis
616 2087 774 2150 Lambinus,
791 2088 951 2158 Maduipius
970 2090 1001 2141 de
1010 2090 1066 2158 fun.
1074 2106 1105 2157 p.
1118 2089 1167 2140 832
1180 2087 1255 2158 quod
1268 2089 1389 2159 quisque

351 2173 500 2226 Muellerus
587 2171 713 2227 dedicato
730 2174 865 2228 Victorius
883 2173 974 2227 dicato
987 2173 1118 2227 Halmius
1130 2191 1194 2227 οατο
1207 2175 1305 2229 ΑΒΗ

350 2278 366 2325 4
386 2273 504 2328 d1lubul
520 2278 548 2327 A
567 2250 716 2330 indilubul'
732 2278 769 2330 H
878 2275 1010 2330 sexulene
1028 2279 1065 2331 H
1177 2279 1191 2328 5
1216 2284 1272 2347 qui
1294 2295 1390 2347 super·

351 2361 480 2429 scriplum
491 2379 573 2414 manu
585 2361 699 2432 antiqua
719 2365 747 2415 A
754 2384 762 2426 ;
781 2366 869 2431 [quare
881 2382 934 2416 non
947 2363 1051 2416 iniuria
1064 2362 1214 2428 dubitatur,
1234 2382 1299 2417 num
1317 2369 1389 2418 recle

350 2463 433 2516 quam
446 2446 571 2511 adoletur,
593 2465 652 2500 euin
665 2448 829 2517 praesertim
842 2450 921 2502 Plelo
939 2450 969 2501 in
987 2450 1077 2502 endem
1090 2447 1240 2518 oralionell
1255 2450 1386 2516 omiserit,

350 2537 376 2585 et
393 2535 481 2586 abesse
493 2533 614 2602 poluisse
628 2533 795 2603 particulam
813 2536 900 2587 mulia
917 2536 1037 2604 exemplu
1049 2536 1241 2600 demonstrant,
1256 2539 1293 2607 of.
1309 2542 1387 2590 nunt.

349 2620 426 2672 uoacl.
441 2620 504 2671 1881
520 2636 552 2687 p.
565 2619 623 2683 349]
726 2619 879 2673 ιιιεΐτιιιαιιι
897 2623 934 2674 H
1025 2624 1040 2674 6
1059 2639 1222 2692 praecipuae
1241 2622 1269 2675 Β
1285 2627 1388 2704 μοιραρ

349 2724 377 2774 Α
397 2739 449 2791 que
467 2721 605 2801 preloipue
625 2722 661 2774 H
744 2722 860 2776 decorus
872 2725 900 2777 Β
917 2699 1034 2788 θοοέιιιθ
1044 2727 1080 2777 H
1094 2723 1205 2802 ‹leoolop
1222 2731 1289 2802 aute
1308 2724 1393 2803 albus

350 2829 450 2906 peipue
469 2823 586 2878 decorus
600 2827 628 2877 A
756 2843 849 2879 cetero
868 2829 896 2880 Β
914 2833 1010 2880 oeteru
1027 2845 1089 2880 corr
1106 2845 1200 2882 cetero
1217 2831 1245 2881 A
1263 2844 1390 2908 ceterum

353 2929 521 2983 Heinsianus
539 2927 638 2982 ceteris
656 2929 801 2982 deteriores
893 2947 955 2983 oum
973 2948 1035 2983 corr
1050 2948 1067 2983 τ
1086 2932 1121 2984 H
1207 2923 1341 2997 maximae
1360 2933 1389 2987 Β

438 3016 538 3067 Sauos
555 3015 690 3067 Victorius
707 3014 812 3069 habens
826 3017 921 3069 ΑΒΗ
1002 3016 1089 3069 forme
1110 3018 1146 3071 H
1226 3034 1336 3096 putore
1355 3018 1394 3069 H

437 3102 452 3151 9
471 3099 615 3154 absolutae
634 3103 662 3155 Β
685 3099 812 3154 absolute
832 3103 868 3155 H
885 3100 1013 3155 absoluto
1032 3121 1093 3156 eorr
1111 3102 1236 3157 absoluie
1254 3106 1282 3156 A

352 3203 424 3256 dona
442 3211 523 3256 sunto
548 3204 678 3258 editiones
702 3203 858 3258 donarunt
874 3206 940 3258 ΑΗ
960 3204 1032 3259 dona
1050 3206 1065 3259 s
1083 3209 1111 3261 Β
1215 3206 1294 3260 Plato
1317 3207 1386 3277 Lep.

353 3291 392 3351 12,
409 3292 457 3341 955
476 3308 489 3342 e
506 3295 538 3360 γῆ
560 3290 605 3359 μὲν
625 3289 669 3342 οὖν
689 3289 759 3342 ἑστία
776 3309 802 3343 τε
822 3292 947 3361 οἰκήσεως
967 3291 1021 3361 ἱεροὶ
1038 3298 1099 3344 πᾶσι
1111 3292 1212 3345 πάντων
1231 3291 1315 3346 θεῶν·
1336 3311 1388 3362 μη·

352 3374 406 3432 θεὶς
424 3374 468 3427 οὖν
487 3375 611 3445 δευτέρως
632 3374 686 3446 ἱερὰ
708 3373 867 3446 καθιερούτω
891 3374 974 3435 θεοῖς’
996 3377 1091 3449 χρυσὸς
1114 3378 1142 3430 δὲ
1166 3379 1209 3430 καὶ
1231 3377 1340 3449 ἄργυρος
1360 3379 1388 3431 έν

351 3459 440 3532 ἄλλαις
463 3460 565 3513 πόλεσιν
590 3460 639 3530 ἰδίᾳ
662 3479 689 3512 τε
713 3462 757 3513 καὶ
780 3462 806 3513 έν
835 3462 912 3530 ἱεροῖς
940 3464 1006 3515 ἐστιν
1035 3463 1173 3536 ἐπίφθονον
1201 3472 1304 3535 κτῆμα,
1329 3462 1391 3518 ἑλέ-

352 3565 401 3617 ρας
421 3547 448 3599 δέ
472 3546 675 3604 ἀπολελοιπότος
700 3547 786 3618 ψυχὴν
810 3550 927 3614 σώματος
951 3549 998 3602 οὐκ
1022 3549 1125 3621 εὐχερὲς
1147 3549 1285 3621 ἀνάθημα,
1312 3549 1390 3622 σίδη-

352 3650 396 3701 ρος
423 3632 451 3684 δὲ
474 3633 517 3685 καὶ
544 3632 641 3704 χαλκὸς
667 3632 789 3700 πολέμων
817 3633 929 3705 ὄργανα·
954 3635 1030 3696 ξύλου
1058 3636 1086 3688 δέ
1110 3635 1248 3705 μονόξυλον
1272 3635 1285 3688 θ
1308 3654 1333 3688 τι
1355 3633 1390 3689 ἃῆν

351 3717 430 3790 ἐθέλῃ
453 3737 491 3776 τις
517 3717 670 3783 ἀνατιθέτω,
696 3719 741 3770 καὶ
758 3717 832 3772 λίθου
853 3719 987 3785 ὡσαύτως,
1009 3722 1071 3791 πρὸς
1088 3721 1120 3774 τοὶ
1137 3723 1211 3776 κοινὰ
1230 3721 1297 3792 ἱερά,
1318 3721 1390 3792 ὑφὴν

352 3805 380 3856 δὲ
407 3805 443 3874 μὴ
469 3803 546 3857 πλέον
567 3804 639 3876 ἔργον
658 3805 776 3876 γυναικὸς
796 3811 855 3875 μιᾶς
874 3805 1006 3877 ἔμμηνον·
1033 3811 1158 3882 χρώματα
1182 3808 1210 3860 δὲ
1228 3805 1308 3861 λευκὰ
1325 3808 1392 3878 πρέ-

352 3888 424 3942 ποντ’
447 3890 476 3943 ἂν
501 3890 571 3949 θεοῖς
595 3890 636 3961 ε’ίη
661 3892 705 3944 καὶ
728 3890 820 3944 ἄλλοθι
842 3892 886 3944 καὶ
911 3893 936 3945 ἐν
962 3892 1026 3966 ὑφῇ,
1052 3895 1174 3965 βάμματα
1198 3893 1226 3948 δέ
1250 3894 1287 3964 μὴ
1305 3911 1390 3963 προα-

352 3975 435 4044 ρέρειν
458 3970 515 4028 ἀλλ’
537 3975 554 4045 ἢ
579 3979 642 4048 πρὸς
659 3978 692 4031 τὰ
710 3976 824 4046 πολέμου
843 3965 1014 4049 κοσμήματα
1035 3979 1156 4034 θειότατα
1177 3980 1206 4032 δέ
1229 3980 1300 4050 δῶρα
1318 3977 1390 4049 ὄρνι-

351 4061 396 4120 θές
413 4081 440 4113 τε
458 4063 502 4115 καὶ
519 4062 664 4134 ἀγάλματα,
686 4064 781 4133 ὅσαπερ
800 4063 830 4116 ἂν
851 4064 876 4116 ἐν
896 4067 942 4136 μιᾷ
961 4067 1095 4138 ζωγράφος
1106 4066 1193 4138 ἡμέρᾳ
1206 4065 1244 4125 εἷς
1255 4064 1387 4138 ἀποτελῇ·

350 4148 393 4199 καὶ
414 4137 498 4200 τᾶλλα
521 4149 586 4202 ἔστω
614 4150 681 4202 κατὰ
704 4149 735 4202 τὰ
760 4156 864 4204 τοιαῦτα
886 4150 1041 4221 ἀναθήματα
1065 4151 1240 4223 μεμιμημένα.
