3030 4876
515 394 569 456 18,
591 394 717 456 25-9,
739 395 772 446 26
1120 394 1160 454 27

128 566 185 630 sed
207 565 307 629 etiam
329 564 478 648 pecudes,
505 565 592 647 quod
606 563 818 647 perspicuum
833 563 883 642 sit,
900 563 1020 646 partim
1036 583 1104 626 esse
1119 563 1162 625 ad

128 690 226 732 usum
247 667 429 746 hominum,
453 667 573 750 partim
595 668 637 730 ad
656 667 809 745 fructum,
831 666 951 750 partim
967 665 1008 728 ad
1023 687 1161 729 uescen-

74 772 208 836 26dum
229 779 421 854 procreatas.
446 780 530 833 artes
553 764 908 834 uero'innumerabiles
922 779 1069 851 repertae
1084 779 1162 833 sunt

127 875 265 938 docente
292 884 418 952 natura,
447 894 546 958 quam
571 873 699 936 imitata
726 873 807 936 ratio
835 895 885 936 res
912 872 954 934 ad
975 871 1080 934 uitam
1101 894 1162 935 nc-

94 977 282 1046 9cessarias
312 978 460 1041 sollerter
487 988 662 1041 consecuta
689 988 745 1041 est.
780 977 889 1059 ipsum
916 985 1027 1038 autem
1053 974 1161 1038 homi-
1183 992 1208 1040 ὁ.

127 1102 206 1144 nem
229 1081 343 1144 eadem
367 1090 485 1142 natura
509 1103 578 1144 non
601 1081 707 1144 solum
733 1081 898 1144 celeritate
922 1077 1043 1141 mentis
1065 1099 1161 1141 orna-

128 1183 187 1262 uit,
212 1184 269 1246 sed
291 1192 324 1246 et
346 1205 459 1247 sensus
482 1194 650 1267 tamquam
672 1183 828 1246 satellites
847 1181 1005 1246 adtribuit
1020 1203 1058 1243 ac
1073 1203 1163 1244 nun-

16 1316 21 1321 ·
127 1286 200 1365 tios‚
226 1297 259 1349 et
273 1307 383 1349 rerum
397 1286 615 1370 plurimarum
630 1288 782 1350 obscuras
804 1308 865 1349 nec
888 1285 965 1348 satis
990 1304 1038 1342 a*
1062 1283 1163 1347 intel-

127 1390 286 1474 legentias
306 1390 466 1454 enudauit
481 1389 575 1473 quasi
589 1390 805 1453 fundamenta
820 1389 980 1473 quaedam
995 1387 1161 1467 scientiae,

233 1582 244 1631 1
264 1578 340 1648 quod
362 1579 409 1646 (sic
420 1581 448 1631 Α
459 1581 568 1649 quoque)
588 1577 765 1649 perspicuum
784 1577 829 1642 sit,
850 1594 917 1647 quoe
934 1577 1057 1634 certatim
1076 1576 1162 1630 corri-

125 1683 188 1735 gere
207 1665 373 1730 studuerunt,
394 1665 542 1718 uindicuuit
555 1663 718 1734 Maduiyiua
736 1664 850 1718 Emeud.
872 1664 901 1716 iu
920 1663 975 1717 Cic.
995 1662 1042 1717 tib.
1060 1662 1159 1732 philos.

121 1769 155 1821 p.
176 1753 191 1803 8
210 1769 249 1820 sq.
355 1768 466 1820 partum
484 1769 547 1804 corr
564 1767 684 1820 parterm
701 1751 729 1803 Β
833 1748 869 1802 ad
885 1748 964 1802 ulum
981 1751 1009 1801 Α
1030 1748 1162 1802 adsutum

128 1836 251 1902 (uidetur
269 1835 403 1890 adhusum
414 1836 520 1907 fuisse)
542 1838 570 1891 B
588 1835 623 1889 ad
640 1833 707 1890 ulus
722 1836 758 1889 H
848 1837 864 1888 2
882 1834 1026 1903 fructuum
1043 1836 1071 1886 A
1088 1832 1164 1887 frua·

125 1925 180 1975 ruri
202 1940 264 1975 corr
281 1920 398 1975 fructu*
415 1925 444 1977 Β
466 1922 592 1976 trucium
610 1923 646 1976 H
779 1919 939 1975 urloendum
962 1908 1024 1974 corr
1040 1919 1091 1973 uel
1105 1921 1162 1974 ΑΒ

126 2006 292 2062 uescendum
311 2008 347 2061 H
459 2008 564 2063 3arnl'
578 2025 640 2062 corr
658 2007 688 2062 es
702 2008 758 2060 AB
775 2006 861 2060 Artes
877 2008 913 2061 H
1020 2022 1081 2059 uiro
1100 2023 1164 2059 corr

125 2110 193 2146 uero
212 2095 240 2145 Α
360 2093 569 2148 mnumerabrhl'
589 2112 651 2147 corr
673 2093 703 2147 es
717 2094 774 2146 AB
797 2091 1011 2152 mnumerabiles
1027 2093 1063 2145 H

126 2195 208 2250 repre
228 2180 268 2243 H,
289 2197 352 2233 corr
367 2197 400 2259 re
417 2180 445 2232 B
559 2183 574 2232 5
594 2177 711 2234 solertes
726 2197 788 2233 corr
806 2177 923 2237 solerter
940 2180 996 2232 AB
1014 2174 1111 2232 tollert
1131 2178 1168 2231 H

208 2264 355 2319 consecuta
371 2268 392 2330 (τ
404 2283 474 2330 corr,
489 2285 521 2320 ec
532 2284 542 2318 1
554 2270 584 2319 ut
596 2265 713 2332 uidetur)
730 2266 766 2319 Η
849 2267 864 2318 6
877 2264 1041 2318 caelenrare
1053 2266 1081 2319 B

129 2371 144 2419 7
158 2366 206 2421 sed
219 2367 244 2420 ei
256 2368 364 2422 Bakius
433 2342 571 2437 adtriburr
583 2369 640 2422 ΑΒ
652 2367 798 2437 adlmrburt
811 2369 847 2422 Η
911 2366 1027 2421 nuncros
1037 2369 1059 2432 (c
1071 2370 1163 2420 mutu-

127 2453 258 2521 tumtur)
272 2456 300 2507 A
387 2455 402 2506 8
420 2471 471 2508 nec
489 2453 556 2508 sans
570 2452 781 2524 rnrellegencras
794 2458 927 2508 mutatum
945 2453 974 2507 iu
992 2452 1097 2522 gendal'
1105 2454 1162 2505 AB

126 2555 177 2592 nec
195 2538 264 2592 lans
277 2538 281 2606 Ι
296 2537 507 2608 intellegennas
521 2541 557 2594 H
558 2562 568 2601 ‚-
587 2539 655 2595 satie
672 2538 798 2610 (apertas)
810 2539 958 2593 Lambinus
976 2536 1043 2592 satis
1058 2536 1164 2606 (claras)

42 2629 47 2637 '
126 2624 287 2693 Maduiqius
313 2624 380 2678 satis
398 2624 584 2696 (inlustratae)
602 2627 729 2691 Botere,
751 2644 864 2696 quorum
885 2627 933 2679 hoc
947 2623 1162 2694 praeferendum

126 2710 235 2763 uidetur
248 2714 363 2779 propter
382 2712 411 2775 1,
432 2713 478 2776 22,
499 2714 532 2764 59
550 2710 630 2781 quasi
648 2711 824 2766 adumbratas
842 2707 1047 2779 intellegentias
1062 2751 1068 2761 .
1081 2750 1087 2762 .
1101 2707 1164 2778 qui-

124 2812 179 2866 bus
203 2810 367 2866 inlustratis.
474 2815 643 2868 tenudaurr
659 2819 687 2869 Α
710 2788 851 2883 enudaurd
868 2817 897 2869 Β
915 2811 1048 2866 enodaurr
1067 2813 1104 2865 H
1114 2811 1164 2878 [in-

125 2897 238 2952 choauit
249 2899 374 2952 Auratus
391 2904 415 2952 et
427 2900 474 2953 troc
489 2901 554 2966 (siue
572 2898 722 2964 incohauit)
739 2898 887 2970 probatum
899 2897 1042 2966 Maduiyio
1057 2899 1100 2962 (de
1102 2899 1161 2968 flu.

121 3003 155 3055 p.
177 2986 238 3048 709)
266 2984 387 3053 plerique
410 3004 481 3039 nuuc
503 2988 580 3041 edere
602 2987 689 3040 soient
712 2986 865 3040 coniectura
888 2984 932 3038 usi
954 2985 1021 3037 satis
1042 2984 1163 3038 ineerta:

127 3070 226 3140 quippe
246 3070 276 3122 id
295 3070 405 3124 uerbum
422 3072 473 3126 etsi
490 3090 549 3126 cum
566 3071 754 3126 fundamentis
765 3072 828 3124 bene
841 3069 1022 3140 couiuuyitur,
1037 3070 1164 3139 quoniam

67 3225 70 3230 Ι
127 3156 205 3210 atiud
222 3159 374 3209 structurae
393 3175 477 3228 yeuua
494 3159 614 3228 sequitur
633 3159 827 3227 (cous.p.49,
843 3160 878 3222 1),
898 3174 953 3210 riou
970 3156 1010 3210 itu
1029 3156 1164 3209 commode

127 3242 199 3295 iuter
217 3241 352 3296 adtribuit
374 3248 399 3297 et
424 3242 502 3297 dedit
525 3245 642 3298 medium
659 3245 799 3315 interponi
814 3243 922 3298 uidetur
928 3264 938 3302 ‚·
952 3248 1097 3312 praeterea
1114 3241 1164 3295 ob·

127 3344 223 3382 scurae
240 3345 290 3381 nec
310 3327 378 3382 ratis
395 3327 485 3383 clarae
503 3328 708 3399 intellegentiae
726 3330 802 3400 ipsae
819 3335 881 3383 suut
898 3327 1043 3382 inchoatae
1064 3330 1111 3399 (cf.
1127 3345 1160 3397 p.

127 3417 175 3478 29,
196 3416 226 3478 83
254 3416 301 3478 31,
323 3417 369 3479 6);
396 3414 486 3484 itaque
506 3431 599 3480 ‘rerum
622 3414 803 3486 plurimarum
827 3413 1031 3484 intellegentias
1049 3412 1079 3466 in
1104 3412 1164 3466 ani-

126 3498 178 3554 mis
190 3499 333 3554 inchoauit
345 3499 424 3569 quasi
442 3501 621 3572 fundamenta
640 3501 771 3556 scientiae
789 3508 852 3571 epte
863 3501 978 3571 quidone,
998 3500 1089 3553 miuus
1100 3503 1163 3568 apte

126 3586 258 3640 obscuras
275 3603 326 3640 nec
344 3584 411 3639 satis
430 3585 527 3652 claras,
547 3589 579 3655 Ιι,
590 3606 611 3641 e.
627 3587 778 3652 inchoatas,
798 3585 1003 3654 intellegentias
1020 3583 1166 3639 inchoauit

127 3672 212 3725 scribi
224 3673 327 3742 potuit,-
348 3671 479 3741 quocirca]
497 3671 613 3727 donauit
626 3678 775 3743 praeeunte
793 3673 916 3726 Krausio
935 3678 962 3726 et
980 3669 1095 3726 donauit
1107 3687 1163 3738 pu-

127 3758 186 3811 taui
202 3757 299 3811 abiisse
320 3757 350 3811 iu
368 3757 502 3811 enudauit
518 3759 575 3811 siue
594 3757 726 3812 enodauit
746 3763 851 3824 (errore
861 3758 1005 3828 frequenti
1021 3774 1071 3827 quo
1090 3755 1164 3810 dono

127 3847 152 3897 et
164 3842 247 3908 nodo,
262 3843 342 3897 domo
355 3849 380 3898 et
390 3843 471 3897 modo
485 3844 642 3912 permutari
654 3845 759 3910 solent),
775 3844 903 3897 iteratus
920 3844 949 3896 in
967 3849 1061 3913 aperto
1079 3842 1163 3894 utiam

127 3929 159 3982 ob
178 3946 287 3983 causam
304 3929 450 3984 interstitio
469 3929 549 3982 simut
567 3929 681 3983 atterum
693 3929 803 3983 uerbum
816 3929 950 3982 interiisse
962 3929 1165 3998 totumquesor*

125 4032 198 4067 maur
218 4015 351 4069 orationis
373 4017 444 4069 tane
460 4015 553 4085 fuisse
570 4032 662 4069 rerum
679 4014 860 4086 plurimarum
877 4015 1008 4068 obscuras
1026 4031 1076 4067 nec
1095 4012 1165 4067 satis

124 4099 300 4168 (inlustratae
318 4099 458 4170 ingenuit>
481 4099 686 4170 intellegentias
705 4107 732 4154 et
750 4099 865 4154 donauit
882 4099 962 4169 quasi
982 4099 1162 4153 fundamenta

126 4186 260 4255 quaedam
278 4185 418 4241 scientiae.
440 4187 485 4256 Of.
499 4187 529 4240 de
538 4189 595 4254 flu.
611 4189 636 4252 5,
651 4189 693 4252 21,
709 4188 742 4238 59
760 4185 940 4256 ingenuitque
959 4184 1018 4238 sine
1036 4182 1162 4240 doctrina
