3030 4876
679 387 750 449 122,
772 387 889 436 su-‹ss
1259 388 1302 450 63

201 627 204 634 ¹
268 557 385 640 pimus,
411 578 509 640 quom
532 557 721 640 praesertim
744 558 785 620 ad
806 557 842 620 id
863 556 947 619 nihil
969 557 1133 640 pertineat
1153 559 1235 622 haec
1259 559 1298 621 de

269 681 396 728 summo
419 660 505 723 malo
526 662 677 742 bonoque
701 659 866 723 dissensio.
904 725 914 741 „
1290 724 1293 727 .

333 764 484 827 Mnncvs.
514 762 779 842 Prudentissime‚
800 763 932 840 Quinte,
954 762 1049 842 dicis;
1073 785 1150 826 nam
1173 785 1255 846 quae
1279 786 1298 826 a

269 887 321 928 me
344 866 452 928 adhuc
475 866 694 930 dictasunt*
718 892 737 930 u

269 997 287 1033 s
312 953 395 1032 „Me
419 969 568 1054 ¹Lycurgi
597 970 685 1054 leges
716 991 822 1052 neque
853 969 981 1032 Solonis
1010 990 1116 1051 neque
1151 968 1299 1033 Charon·
1330 991 1347 1029 s

270 1073 329 1135 dae
358 1093 464 1154 neque
491 1072 623 1135 Zaleuci
648 1094 710 1135 nec
738 1082 862 1135 nostras
890 1071 1063 1134 duodecim
1090 1072 1217 1134 tabulas
1238 1093 1300 1134 nec

269 1174 440 1259 plebiscita
467 1175 621 1252 desidero,
653 1175 710 1238 sed
736 1185 768 1237 te
797 1173 946 1237 existimo
974 1195 1051 1236 cum
1077 1174 1206 1257 populis
1229 1185 1301 1237 tum

271 1278 369 1341 etiam
396 1277 533 1361 singulis
559 1277 718 1355 hodierno
741 1298 888 1340 sermone
910 1276 998 1360 leges
1020 1276 1158 1339 uiuendi
1181 1287 1213 1341 et
1235 1278 1301 1340 dis-

271 1380 427 1465 ciplinam
451 1381 613 1444 daturum.

219 1497 259 1553 58
335 1485 485 1548 MARCVS.
517 1486 576 1548 Est
597 1485 696 1547 huius
719 1505 797 1548 uero
819 1481 1056 1566 disputationis,
1075 1483 1207 1562 Quinte,
1224 1505 1301 1566 pro-
1319 1502 1349 1543 1o

274 1727 284 1775 1
305 1741 377 1792 nunc
396 1722 433 1792 qd
450 1721 610 1793 praesertim
623 1725 650 1778 B
669 1724 743 1792 [sess
758 1721 832 1792 quod
848 1719 970 1791 pieriis*
989 1725 1016 1774 A
1033 1719 1172 1792 nonlquod
1191 1717 1301 1789 seierum

273 1827 442 1883 Heinsianus
454 1843 538 1896 quum
556 1827 607 1891 (eet
623 1829 691 1890 cum)
710 1824 871 1895 praesertim
887 1825 1017 1878 editiones
1103 1825 1138 1878 ad
1155 1789 1184 1890 id
1204 1825 1254 1888 (sic)
1271 1824 1306 1876 H

373 1927 462 1999 nJihss
481 1929 553 1999 (fuit
569 1927 658 1993 mrhil)
677 1930 705 1981 A
809 1903 901 1981 destini
919 1930 946 1981 A
1045 1929 1060 1978 3
1078 1935 1137 1998 ndq;
1157 1944 1218 1980 coru·
1234 1931 1301 1996 nid

271 2035 298 2086 B
316 2004 453 2102 namqin
551 2035 567 2083 4
586 2030 678 2085 dcere
696 2028 762 2083 l'uns
777 2005 811 2107 ”red
826 2029 935 2100 lucurgl
946 2036 974 2086 A
992 2031 1068 2085 dicre
1086 2003 1304 2108 suntiglucurgr

271 2136 299 2187 B
311 2134 385 2187 dicta
398 2132 471 2188 sunt·
485 2121 663 2206 ncq;li,1curg1
672 2135 712 2194 H,-
725 2134 825 2187 uetinui
837 2153 895 2187 cuns
906 2135 1026 2188 Turnedo
1038 2135 1206 2204 primitiuem
1217 2134 1302 2204 scrip-

270 2226 373 2285 turum,
395 2238 453 2273 cum
475 2221 588 2274 editores
605 2223 670 2290 fere
689 2224 835 2273 correctum
853 2220 973 2289 unipteni
990 2222 1059 2274 sint:
1079 2221 1127 2273 sed
1143 2221 1219 2273 ittam
1239 2221 1301 2273 tice-

271 2308 314 2360 bat
331 2308 374 2360 uei
392 2307 430 2359 sic
448 2307 566 2360 orationi
582 2307 780 2359 accommodare
798 2305 894 2375 <neque
910 2322 977 2358 uero
992 2322 1043 2374 ego
1055 2304 1079 2374 a>
1091 2311 1119 2358 tc
1132 2305 1252 2375 Lycurgi
1263 2303 1306 2359 le·

272 2410 339 2462 ges.
358 2391 504 2446 desidero
525 2395 568 2463 (cf.
586 2393 616 2445 de
623 2393 681 2461 fin.
693 2395 718 2456 5,
733 2395 757 2455 5,
775 2392 805 2441 13
817 2408 887 2460 quae
903 2389 1075 2444 desideratur
1092 2408 1109 2444 a
1125 2408 1223 2460 magno
1242 2391 1302 2461 phi·
1345 2408 1350 2462 3

269 2477 399 2548 losopho;
422 2480 453 2531 de
471 2497 527 2548 rep.
546 2479 569 2542 3,
586 2479 610 2541 8,
627 2479 676 2542 12).
694 2481 812 2543 [ceterum
832 2482 944 2547 apparet
962 2477 1057 2530 Murci
1073 2479 1220 2530 orationem
1228 2479 1303 2547 fine,
1344 2508 1346 2512 ι

272 2565 352 2617 initio
372 2569 458 2617 autem
471 2563 567 2624 Quinti
578 2567 730 2617 truncatam
747 2581 810 2628 esse,
825 2581 872 2616 nec
886 2568 1016 2634 putarent
1027 2581 1068 2615 nte
1081 2580 1237 2632 quemquem
1249 2565 1303 2616 eni·
1392 2613 1394 2616 .

271 2651 450 2713 stiinatnrnnc,
466 2650 528 2719 quia
544 2650 640 2710 Quinti
654 2666 749 2702 nomen
767 2649 797 2701 in
813 2649 899 2702 medio
917 2649 1017 2701 scilicet
1035 2648 1176 2702 interstitio
1187 2666 1241 2701 non
1249 2665 1304 2716 po·

270 2736 321 2798 sui,
338 2736 403 2787 doec
414 2736 463 2788 uni
474 2736 571 2787 Murco
583 2735 748 2800 adscenderet
768 2736 952 2806 supplementa
963 2751 1072 2788 mancae
1084 2734 1222 2797 orationis,
1237 2753 1307 2803 quae

274 2819 413 2872 Turnebus
432 2821 571 2890 eademque
589 2819 736 2874 Lambinus
757 2821 869 2884 natent,
890 2820 971 2874 nitidi
992 2825 1070 2873 sunt.-
1089 2820 1196 2873 uidetur
1216 2824 1304 2873 autern

271 2907 386 2960 Marcus
398 2906 496 2958 dixisse
508 2923 578 2976 quae
590 2924 606 2959 a
617 2923 660 2959 mc
678 2905 767 2959 adhuc
786 2906 859 2960 dicte
876 2913 941 2958 sunt
948 2923 1039 2976 parua
1052 2903 1124 3043 pir?
1139 2911 1177 2959 est
1194 2904 1306 2959 institu-

272 2997 315 3045 tae
334 2992 535 3060 disputationis,
556 2993 582 3044 si
599 2993 703 3062 quidem
722 2992 799 3045 nobis
816 2997 878 3045 sunt
894 2996 931 3056 (ut
942 2992 981 3045 ait
995 2995 1018 3056 1,
1034 2995 1071 3064 5„
1107 2997 1114 3057 )
1131 2991 1304 3045 consideren-

272 3076 323 3130 dae
333 3075 419 3145 leges,
434 3076 534 3146 quibus
547 3077 673 3130 ciuitates
685 3077 744 3146 regi
763 3077 888 3141 debcant,
908 3084 967 3130 tum
984 3065 1057 3130 hecc'
1068 3076 1220 3141 tractanda,
1233 3093 1308 3145 quse

271 3162 413 3232 conposite
431 3169 495 3217 sunt
513 3169 540 3216 et
558 3163 695 3233 descripto
712 3164 774 3217 iura
792 3169 820 3216 ct
837 3163 912 3216 iussa
929 3161 1103 3233 populorum,
1118 3162 1257 3232 inquibus
1269 3179 1318 3237 ne·

271 3249 359 3302 nostri
371 3248 482 3318 quidem
494 3248 590 3319 populi
600 3247 727 3303 latebunt
738 3267 808 3320 quse
820 3255 955 3303 uocantur
967 3248 1029 3302 iura
1040 3247 1147 3312 ciuilis;
1163 3248 1207 3301 cui
1220 3249 1304 3310 Quin·

274 3339 317 3387 tus
329 3335 421 3388 obiicit
433 3353 554 3405 seneque
568 3336 689 3405 Lycurgi
704 3337 774 3406 tenes
792 3341 817 3388 et
833 3337 935 3404 relique
952 3336 999 3388 sed
1016 3334 1093 3388 atiud
1109 3339 1133 3387 et
1145 3334 1259 3404 qruuius
1271 3334 1304 3387 ab

273 3438 302 3472 eo
321 3421 484 3475 desiderare.
581 3423 596 3472 5
615 3420 761 3491 οΙιαΙτοιιᾶθ
781 3423 817 3475 H
901 3424 917 3474 6
934 3419 1045 3475 Zaleuci
1063 3419 1191 3474 editiones
1204 3417 1304 3473 seleuci

273 3523 368 3575 ΑΒΗ
461 3497 714 3591 ddodec1mtubdlal'
723 3529 748 3577 A
762 3506 814 3589 (sic)
916 3527 967 3603 nie
986 3523 1129 3577 duodenni
1146 3520 1260 3575 subulae
1274 3524 1313 3575 H

348 3628 362 3675 7
380 3591 525 3695 plebiscus
537 3629 565 3680 A
576 3625 665 3697 plebis
669 3625 744 3697 {scira
757 3627 794 3680 H
869 3626 1004 3693 desidero]
1020 3623 1155 3680 disseisur
1168 3628 1204 3680 H
1213 3629 1309 3696 (super

272 3728 301 3764 rt
313 3713 383 3782 quod
390 3712 513 3780 positum
530 3719 568 3766 est
586 3713 734 3778 obscurum,
747 3714 794 3766 sed
810 3713 917 3767 uidetur
928 3710 1099 3766 disseruntur
1109 3712 1216 3781 fuisse:
1236 3717 1305 3765 certe

273 3814 306 3850 ue
323 3797 366 3850 nic
384 3798 490 3866 quidem
509 3800 685 3852 attendentem
696 3801 797 3871 suycrc
813 3803 900 3871 potest
912 3799 978 3869 quid
990 3799 1139 3852 Heinsiono
1157 3798 1304 3868 interpole-

273 3884 327 3936 ton'
343 3883 465 3936 intuerit:
485 3901 554 3953 quse
572 3902 588 3937 a
605 3901 648 3937 me
667 3883 756 3938 adhuc
775 3877 847 3938 dicto
864 3891 1040 3954 suasusque
1052 3884 1172 3954 Lycurgi
1188 3883 1264 3952 leges
1276 3925 1302 3937 ..

271 3985 322 4022 nec
340 3975 450 4022 nostrae
469 3968 613 4024 duodecim
630 3969 741 4024 tabulae
762 4012 789 4024 ..
810 3970 995 4035 disseruntur)
1116 3968 1257 4022 exusnmo
1276 3972 1303 4021 A

361 4045 432 4126 iiam
452 4074 503 4137 (sic)
524 4073 560 4125 H
653 4074 783 4126 8&1em
802 4091 862 4126 corr
880 4091 964 4127 eriam
978 4074 1013 4126 H
1105 4071 1176 4141 legis
1191 4074 1219 4125 A
1234 4070 1312 4170 Ιοξιΐ

272 4192 332 4228 corr
345 4172 375 4228 cs
385 4177 412 4228 B
423 4173 500 4244 leges
513 4176 548 4228 H
644 4178 674 4228 10
693 4163 759 4230 ucri
778 4195 839 4229 corr
856 4193 923 4231 uero
935 4178 963 4229 A
1061 4192 1174 4245 qurnsre
1186 4179 1214 4229 A
1226 4168 1308 4245 qurie
