3030 4876
223 367 264 430 86
680 368 746 429 116,
770 366 801 415 ιι

287 539 439 602 MARcvs.
477 538 582 616 Certe,
615 538 643 600 si
672 538 769 600 modo
799 548 951 620 acceptae
974 558 993 597 a
1015 536 1143 600 duobus
1165 537 1263 602 uobis

224 652 329 704 erunt.
360 641 424 719 sed,
457 651 495 705 ut
524 638 577 704 uir
603 640 809 704 doctissimus
831 640 910 703 fecit
932 640 1026 703 Plato
1050 651 1148 722 atque
1170 640 1264 703 idem

223 744 435 829 grauissimus
464 743 735 828 philosophorum
765 744 921 819 omnium,
955 743 1012 825 qui
1041 743 1196 827 princeps
1220 746 1283 808 de·

224 869 258 911 re
287 847 421 931 publica
450 847 642 932 conscripsit
672 848 825 930 idemque
855 846 1030 929 separatim
1045 848 1100 909 *de
1130 847 1263 932 legibus

194 950 303 1027 seius,
336 950 371 1013 id
399 949 483 1014 mihi
504 944 610 1014 'credo
638 973 706 1014 esse
734 950 937 1027 faciundum,
969 961 1013 1027 ut,
1046 951 1137 1033 prius
1160 964 1264 1034 quam

223 1054 328 1137 ipsam
350 1054 457 1138 legem
479 1054 622 1132 recitem,
649 1055 689 1117 de
713 1053 783 1117 eins
805 1053 887 1138 legis
909 1038 1006 1117 laude
1023 1053 1146 1130 dicam3
1172 1055 1264 1136 quod

223 1157 311 1220 idern
340 1167 373 1219 et
394 1156 573 1219 Zaleucum
603 1169 636 1220 et
659 1157 868 1221 Charondam
890 1157 1006 1220 fecisse
1028 1156 1135 1234 uideo,
1160 1178 1264 1238 quom
1347 1159 1349 1164 ⁸

133 1277 137 1317 ’.
223 1259 356 1342 quidem
379 1259 519 1322 illinon
542 1259 643 1323 studii
667 1271 699 1323 et
722 1260 948 1324 delectationis
970 1261 1027 1323 sed
1042 1259 1262 1342 reipublicae

223 1383 321 1425 cansa
348 1361 438 1445 leges
467 1361 657 1426 ciuitatibus
679 1363 746 1426 suis
769 1364 981 1447 scripserunt:
1007 1385 1088 1446 quos
1110 1362 1263 1427 imitatus

180 1489 204 1530 io
222 1466 317 1529 Plato
340 1464 497 1528 uidelicet
518 1463 580 1528 hoc
604 1488 734 1549 quoque
757 1467 838 1551 legis
860 1467 992 1551 putauit
1015 1488 1091 1544 esse,
1124 1488 1264 1549 persua-

223 1570 299 1632 dere
321 1568 455 1651 aliquid,
480 1589 548 1631 non
571 1568 682 1633 omnia
704 1569 739 1632 ui
762 1591 800 1632 ac
823 1570 921 1633 minis
945 1591 1070 1654 cogere.

224 1775 235 1825 1
256 1791 333 1827 certe
358 1777 385 1838 (e
403 1774 499 1827 ultima
515 1760 546 1828 im
563 1777 677 1840 rasura)
698 1778 727 1828 A
746 1773 839 1829 certis·
860 1778 897 1830 H
1006 1775 1183 1846 aeeeplsasea
1208 1780 1265 1841 (ee

222 1878 290 1924 corr,
305 1861 369 1929 fait
386 1863 417 1914 at
433 1859 543 1913 uidetur
558 1877 607 1914 rae
625 1865 648 1927 a)
668 1864 705 1916 H
817 1863 832 1912 3
851 1858 1030 1930 grauissimus
1047 1861 1152 1930 (grauis
1167 1862 1198 1916 im
1216 1874 1266 1916 ra-v

221 1950 297 2012 sara)
318 1948 346 1998 A
468 1943 702 2016 phylosophorum
718 1949 747 2001 Β
869 1965 991 2050 οιιιιιιιιδιιι
1008 1964 1056 2015 qui
1080 1952 1214 2001 mutatum
1232 1949 1264 2002 in

221 2101 342 2137 omnium
354 2101 408 2153 que
420 2084 479 2136 AB
489 2099 538 2152 qui
551 2083 652 2147 (omisso
664 2085 793 2147 omnium)
808 2087 844 2139 H
921 2088 937 2135 4
950 2059 1114 2155 igniferiplir
1127 2086 1175 2149 (sic
1185 2088 1234 2140 sed
1246 2064 1266 2158 ‘l

220 2171 365 2253 inductam)
380 2172 416 2224 H
507 2166 656 2238 seperatim
669 2172 696 2223 B
782 2168 893 2239 legibus
908 2170 969 2233 sbul
984 2172 1014 2224 iii
1031 2176 1139 2237 rasura)
1153 2175 1183 2226 B

167 2272 172 2282 ·
221 2255 329 2309 bidem
347 2254 479 2310 Halmius
496 2257 554 2309 coll.
574 2256 606 2309 de
624 2257 670 2327 off.
688 2259 710 2320 1,
729 2258 752 2319 1,
770 2259 798 2319 l;
819 2256 886 2310 item
904 2257 1054 2311 Lambinus
1099 2316 1104 2331 ¹
1158 2254 1265 2312 facilin-

222 2359 286 2412 dum
305 2362 342 2414 H
442 2362 458 2412 6
476 2323 536 2436 eigil
550 2357 622 2428 legis
637 2360 665 2412 Β
684 2357 745 2412 eius
759 2358 831 2429 legis
847 2363 876 2413 A
894 2361 988 2414 sedin
1006 2378 1077 2426 corr,
1095 2363 1266 2430 miminerit
1360 2343 1363 2348 .

221 2461 280 2532 egil
289 2464 395 2533 samoe,-
420 2477 450 2532 eff
466 2459 529 2544 lgge
545 2449 629 2516 laudi
643 2464 649 2526 1Ι
649 2463 714 2534 fait
730 2461 821 2529 laudii)
840 2466 882 2527 H,
902 2463 928 2516 b.
943 2481 965 2518 e.
980 2464 1069 2516 scriba
1086 2482 1118 2516 ec
1136 2464 1180 2518 bio
1193 2483 1265 2534 qaae

215 2585 269 2637 per
287 2585 404 2621 errorem
423 2567 515 2636 primo
537 2565 682 2636 scripserat
700 2563 733 2618 de
752 2564 811 2618 eius
828 2563 891 2634 lege
908 2564 1020 2618 laudem
1038 2565 1129 2620 dicam
1145 2586 1194 2620 sao
1212 2587 1265 2621 ar·
1358 2623 1360 2628 ,

220 2652 301 2705 bitrio
319 2653 407 2723 effeeit
428 2651 463 2705 de
487 2650 548 2705 eius
570 2645 775 2714 laudiciam,
797 2651 833 2703 ad
850 2657 962 2704 mentem
980 2651 1103 2717 Halmii,
1123 2651 1172 2722 qai
1187 2651 1263 2722 legis

220 2739 281 2793 tolli
297 2726 383 2802 iassib,
405 2756 459 2792 noa
476 2743 554 2802 recte,
570 2735 622 2790 'aec
640 2737 835 2807 obtemperauit
852 2738 995 2791 Baiterm:
1013 2741 1106 2807 confer
1122 2742 1147 2803 2,
1163 2729 1259 2804 23,58

220 2842 282 2877 eum
298 2822 401 2878 lamina
419 2829 492 2878 esset
509 2821 623 2877 inuenta
640 2822 712 2876 etin
733 2839 764 2874 ea
782 2821 915 2892 scriptum
936 2821 1051 2888 lamina,
1072 2825 1119 2877 abi
1139 2843 1181 2877 me
1200 2827 1265 2896 qai-

219 2912 278 2963 dem
296 2917 405 2980 aiictore
423 2911 470 2964 sed
482 2927 571 2980 prom
588 2909 702 2962 alteram
720 2907 823 2961 lamina
840 2909 993 2971 indubitum
1009 2927 1060 2978 pro
1075 2911 1151 2964 Mar.
1170 2913 1211 2976 14,
1227 2915 1261 2964 31

220 2996 263 3048 sin
286 2997 360 3049 haee¹
376 2994 451 3050 bella
473 2993 639 3066 grauissima
660 2993 850 3062 uictoriaeque
868 3012 964 3048 eorum
979 2993 1116 3049 bellorum
1134 2997 1265 3066 gratissi-

218 3099 278 3136 mae
295 3082 422 3146 fuerunt;
437 3099 492 3152 pro
510 3083 574 3137 Mil.
587 3084 629 3146 21,
646 3085 678 3132 14
697 3098 759 3134 cum
775 3097 831 3133 non
849 3079 1035 3150 impetrasset,
1055 3088 1088 3135 u't
1106 3081 1160 3136 sibi
1183 3083 1265 3138 insu-

217 3167 272 3221 lam
289 3167 319 3220 iii
335 3167 398 3222 lacu
410 3167 499 3222 Prilio
516 3167 659 3232 uenderet,
673 3173 787 3237 repente
798 3165 827 3217 in
840 3183 899 3218 eam
910 3165 1030 3220 insulam
1040 3169 1184 3223 materiem
1196 3188 1265 3225 eon·
1322 3207 1326 3212 -

218 3254 308 3316 uexit3
328 3255 407 3308 Taso.
422 3255 494 3324 disp.
509 3258 534 3319 5,
549 3256 591 3317 20,
608 3257 640 3306 59
654 3271 716 3307 cum
733 3252 837 3306 fossam
852 3249 937 3305 latam
955 3250 1107 3306 cubiculari
1119 3254 1193 3308 lecto
1206 3256 1264 3311 eir-

218 3338 404 3393 cumdedisset
423 3339 536 3410 eiusque
553 3341 646 3393 fossae
657 3337 805 3393 transitum
817 3336 1130 3411 coniunxissetydeflsi.
1146 3342 1171 3405 3,
1187 3344 1212 3406 5,
1229 3346 1265 3397 16

218 3423 254 3477 ad
272 3442 353 3478 suum
371 3433 473 3480 statum
491 3443 590 3496 eaque,
611 3443 682 3495 quae
700 3422 893 3497 conseruantia
912 3431 976 3477 sunt
994 3424 1175 3491 dunstatus,
1197 3427 1265 3482 dili-

219 3528 317 3598 genda,
332 3531 418 3582 muita
430 3527 488 3584 alia
565 3533 580 3582 7
592 3527 772 3584 &zaleucum
783 3528 841 3579 AB
854 3499 895 3602 sili
908 3529 943 3591 (b.
956 3547 976 3580 e.
994 3526 1036 3582 elt
1047 3548 1110 3582 corr
1120 3531 1150 3582 iii
1163 3537 1263 3599 eriam)

217 3632 359 3687 zaleucum
378 3636 414 3688 H
416 3655 425 3693 ,·
449 3634 487 3700 οἱ.
503 3634 534 3687 de
553 3639 610 3687 nat.
630 3635 703 3687 deor.
719 3633 744 3695 3,
760 3632 784 3694 3,
800 3631 815 3681 8
832 3629 884 3682 hoe
902 3629 975 3682 idem
994 3637 1021 3684 et
1038 3631 1198 3704 philosophi
1217 3634 1264 3689 fa-

217 3719 293 3773 ciunt
311 3728 339 3774 et
357 3737 408 3789 ego
426 3727 458 3773 ut
475 3718 554 3791 potui
572 3718 626 3773 feei
646 3715 786 3782 (Halmius
805 3716 916 3778 martii)
1039 3717 1211 3787 charonpidi
1231 3725 1264 3775 A

216 3805 422 3875 chalronnidam
445 3809 482 3861 H
500 3804 655 3860 carnorudb
683 3820 744 3856 corr
766 3802 795 3854 ia
819 3801 981 3854 carronnida
1000 3804 1027 3855 Β
1053 3803 1116 3867 (sic)

216 3915 270 3977 quo
291 3911 318 3962 A
337 3892 383 3978 qin
406 3910 446 3974 (b.
464 3929 486 3963 e.
505 3907 645 3980 quoniam)
669 3908 697 3960 Β
717 3906 777 3969 (sia)
803 3890 865 3957 clim
884 3906 919 3958 H
1049 3908 1063 3957 8
1082 3907 1196 3975 quidam
1214 3913 1261 3976 H,

216 4013 275 4046 corr
292 3994 403 4063 quidem
422 3997 450 4049 Β
471 3995 555 4065 quide
577 3995 624 4047 sed
641 3999 655 4044 e
673 4011 687 4045 e
704 4008 765 4044 cori·
785 3992 813 4042 A
976 3988 1176 4045 dilectationes
1200 3990 1267 4049 corr

216 4077 409 4133 dilectationis
425 4084 453 4134 A
585 4083 600 4132 9
624 4074 786 4148 scripserint
802 4074 838 4126 R.
857 4077 1007 4144 Stephanus
1132 4081 1164 4131 io
1187 4078 1269 4151 legis

215 4182 330 4234 putauit
350 4166 378 4218 δι’
396 4184 446 4236 per
462 4166 492 4220 im
509 4183 609 4220 rasura
629 4167 656 4217 A
793 4162 821 4210 ll
848 4178 877 4213 ui
901 4161 929 4213 ia
948 4179 994 4214 ras
1011 4181 1073 4216 corr
1092 4168 1128 4218 H
1244 4170 1248 4177 '
