2940 4890
489 404 651 445 rmamrro
669 406 767 446 novin
785 405 931 446 anmoins
1008 377 1013 384 ’
1183 414 1229 457 xv

198 566 262 628 duo
285 565 357 627 loca
373 564 491 645 quibus
507 564 683 627 Heinsiani
704 564 780 627 libri
802 563 977 627 lectionem
992 586 1033 627 ne
1050 566 1231 629 memoraui

198 685 346 768 quidem,
372 706 440 747 non
462 685 568 747 solum
590 683 789 768 improbaui,
814 684 895 747 haec
918 695 1010 762 sunt,
1035 707 1065 767 p.
1087 693 1132 763 17,
1157 694 1173 748 6
1198 696 1232 748 61
1279 719 1281 722 <

198 828 228 889 p.
248 813 296 884 34,
318 813 354 866 14
371 828 391 868 a
406 813 522 868 actura
539 805 706 880 tributam·
728 829 748 869 a
770 812 885 868 notura
904 805 989 867 data.
1018 804 1232 887 praepositio-

198 947 275 987 nem
297 924 333 986 in
355 924 417 987 hac
438 925 583 988 oratione
599 924 675 987 addi
698 924 840 1007 potuisse
857 924 929 1007 quis
945 926 1063 1008 negati
1078 925 1134 987 sed
1150 946 1232 1007 quo-

198 1044 289 1107 niam
304 1066 401 1107 nemo
422 1045 526 1108 nescit
542 1044 708 1108 Ciceronis
731 1067 854 1107 morem
878 1056 1054 1126 utrumque
1077 1044 1229 1127 recipere,

200 1165 299 1227 unius
314 1165 492 1228 Heinsiani
514 1164 589 1228 libri
613 1164 798 1228 testimonio
810 1164 1044 1228 Vossianorum
1060 1165 1233 1227 consensui

200 1284 402 1348 aduersantis
425 1284 460 1347 in
483 1306 521 1347 ea
544 1307 577 1347 re
600 1295 730 1347 tantum
753 1285 899 1347 dandum
928 1306 996 1347 non
1026 1306 1094 1347 esse
1121 1283 1234 1347 existi·

200 1404 297 1482 maui,
323 1427 360 1468 eo
380 1404 490 1467 minus
506 1426 570 1486 quo
593 1404 794 1487 frequentior
816 1404 851 1466 in
873 1403 936 1466 hoc
959 1403 1050 1480 libro,
1069 1403 1169 1466 etiam
1184 1427 1235 1467 se-

200 1547 310 1588 orsum
326 1547 345 1586 a
356 1525 531 1604 Vossianis‚
550 1525 739 1588 correctoris
755 1524 855 1587 libido
872 1524 1074 1608 agnoscitu13
1088 1524 1145 1607 qui
1161 1525 1235 1607 qui·

201 1645 276 1708 dem
298 1646 398 1709 altero
421 1645 492 1708 loco
517 1647 560 1728 (p.
580 1648 632 1727 34)
657 1645 715 1707 ubi
736 1644 884 1728 proxime
912 1644 1087 1726 praecessit
1111 1646 1156 1725 (u.
1181 1647 1233 1726 10)

201 1788 221 1828 a
236 1773 352 1828 natura
367 1766 438 1828 dau
453 1766 524 1849 ipsa
546 1764 776 1849 aequabilitate
800 1763 919 1826 adduci
942 1775 1069 1847 poterat
1088 1775 1125 1827 ut
1139 1786 1235 1847 prae-

201 1885 396 1968 positionem
429 1886 584 1949 adiiceret
607 1887 647 1948 de
670 1906 744 1961 6116,
770 1906 876 1965 neque
899 1906 991 1946 secus
1020 1884 1236 1947 iudicandum

202 1983 334 2068 uidetur
357 2006 396 2069 de
419 2029 450 2089 p.
470 2014 518 2085 64,
538 2014 555 2068 5
579 2005 751 2088 sapientia,
778 2003 886 2086 quotics
909 2026 1014 2067 umore
1031 2003 1235 2086 philosophia

202 2147 312 2188 nomen
334 2126 464 2207 inuenit,
484 2125 541 2189 ubi
556 2127 625 2209 ipse
641 2125 721 2188 olim
735 2123 958 2187 Heinsianum
980 2134 1111 2186 secutus
1134 2146 1232 2201 eram,

202 2268 292 2309 nunc
312 2247 414 2309 malui
434 2246 669 2312 Vossianorum
691 2245 877 2309 testimonio
900 2245 1105 2326 acquiescere
1136 2243 1185 2323 (cf.
1202 2265 1234 2326 p.

204 2374 252 2442 47,
273 2369 310 2448 3).
335 2367 392 2430 sed
415 2379 452 2430 ut
473 2367 601 2452 largiar,
627 2366 715 2449 quod
737 2366 873 2428 minime
897 2364 1145 2428 concedendum
1167 2386 1235 2427 esse

204 2507 284 2564 reor,
309 2487 345 2549 in
368 2487 430 2549 hac
446 2510 480 2550 re
503 2488 695 2571 ambiguum
718 2509 785 2550 esse
801 2485 970 2562 iudicium,
988 2495 1100 2547 tamen
1116 2505 1236 2566 quaero

204 2607 284 2687 quid
307 2629 347 2669 ex
370 2629 408 2669 ea
431 2607 591 2690 scriptura
613 2607 733 2670 reiecta
755 2607 791 2669 in
814 2628 865 2668 me
888 2603 1150 2688 reprehensionis
1179 2615 1237 2666 aut

204 2725 240 2788 in
262 2726 461 2790 Muellerum
491 2749 532 2790 ex
561 2728 676 2790 eadem
698 2737 827 2810 recepta
849 2725 955 2788 laudis
978 2725 1161 2788 redundare
1184 2746 1236 2786 ar-

204 2845 332 2924 bitrere,
359 2857 395 2908 ut
417 2847 478 2909 isto
501 2847 596 2910 modo
614 2846 803 2921 ,dissensum
818 2869 836 2907 a
852 2869 903 2909 me
920 2869 1016 2910 suum
1033 2867 1109 2908 cum
1125 2856 1236 2908 osten-

205 2965 328 3029 tatione
348 2967 589 3050 pronuntiaret:
614 2965 668 3029 cui
685 2988 743 3050 ego
766 2965 794 3029 si
815 2966 878 3030 hoc
894 2989 988 3050 agere
1004 2967 1124 3030 uellem
1141 2966 1237 3048 plura

205 3095 238 3147 et
260 3085 410 3168 grauiora
432 3086 572 3149 obiicere
602 3108 730 3170 possem
752 3109 835 3168 quae
864 3087 1010 3170 neglexit
1039 3097 1095 3149 aut
1118 3085 1237 3168 quibus

204 3205 326 3269 iniuria
348 3207 388 3268 ab
411 3206 594 3269 Heinsiano
618 3207 760 3270 deflexit.

269 3327 376 3390 Multo
400 3327 499 3390 etiam
521 3327 668 3409 iniquius
690 3348 820 3390 mecum
843 3326 909 3409 egit
931 3326 1097 3404 Iordanus‚
1124 3347 1188 3408 quo
1205 3337 1238 3388 et

205 3445 397 3509 insolentior
424 3447 523 3510 homo
551 3460 599 3510 est
622 3459 654 3511 et
676 3445 929 3530 imprudentior:
960 3445 1054 3508 cuius
1083 3445 1131 3508 rei
1160 3466 1237 3507 cnm

205 3567 310 3628 multa
333 3576 446 3629 extent
468 3567 591 3629 indicia
614 3579 686 3630 tum
707 3567 869 3651 insignius
891 3557 983 3642 illud,
1007 3565 1094 3648 quod
1116 3587 1169 3627 me
1192 3564 1237 3626 ri-

206 3686 248 3748 sit
270 3686 365 3763 ultro,
391 3685 468 3768 quia
490 3686 540 3749 bis
562 3687 651 3750 idem
673 3710 725 3750 me
747 3681 859 3750 ‘semel
881 3681 1025 3748 monere'
1052 3683 1237 3768 scripserim

210 3806 251 3888 [p.
273 3812 328 3867 167
348 3816 426 3889 etp.
445 3808 527 3889 169),
546 3828 606 3869 nec
623 3807 708 3870 uidit
724 3829 822 3890 quam
838 3806 996 3869 ridiculus
1012 3816 1103 3882 esset,
1122 3804 1179 3886 qui
1195 3826 1237 3866 ne

206 3925 313 4009 legere
332 3926 465 4008 quidem
480 3947 572 4009 posse
588 3926 764 4004 uideretur,
784 3949 867 4008 quae
883 3937 993 4009 aperte
1009 3924 1129 4007 scripta
1144 3934 1238 3986 erant

207 4067 274 4109 non
297 4047 411 4109 eadem
433 4058 570 4129 utroque
586 4047 657 4110 loco
680 4046 737 4110 sed
760 4045 897 4109 diuersa.
926 4047 953 4109 is
976 4046 1076 4128 igitur
1090 4044 1127 4107 in
1142 4045 1238 4128 Sym-

207 4166 290 4229 bolis
313 4167 353 4229 ad
375 4166 544 4230 historiam
566 4166 699 4251 linguae
730 4165 851 4230 latinae
874 4189 901 4228 a.
921 4185 1137 4229 Mocccnxxrx
1167 4164 1238 4228 edi-
