3030 4876
236 367 317 411 xxlv
534 360 695 399 PRAEFATIO
714 360 811 399 NOVAE
830 360 981 400 Eblrloxls

236 521 360 582 rabam:
390 541 497 601 neque
520 518 661 582 admiror
684 541 737 582 eos
761 519 818 602 qui
839 519 874 581 in
897 519 937 582 iis
961 542 1043 603 quae
1066 532 1183 606 suapte
1212 546 1275 585 na-

236 651 310 703 tura
337 638 438 702 dubia
464 649 542 702 sunt
568 650 601 702 et
626 639 750 702 incerta
777 640 976 704 correctione
1005 641 1207 705 cuicuimodi
1236 643 1274 707 in

235 759 461 843 textuposita
482 759 544 822 sibi
571 760 704 843 placent
725 782 823 842 seque
851 759 1048 843 suspiciunt,
1074 763 1167 845 quasi
1191 764 1275 846 quid

235 880 395 965 praeclari
417 880 630 963 peregissent:
655 881 748 943 uelut
770 879 826 943 illc
843 880 899 963 qui
914 903 1021 964 nuper
1037 884 1183 946 uerbosis
1206 907 1273 947 nu-

236 1003 285 1087 gis
306 1002 342 1064 in
364 1023 462 1064 usum
484 1000 608 1064 scilicet
630 1000 792 1064 studiosae
815 1001 998 1065 iuuentutis
1020 1003 1079 1067 hos
1097 991 1197 1068 libros
1212 1027 1274 1088 op-

235 1123 423 1208 primendos
446 1120 588 1198 curauit;
613 1120 670 1204 qui
693 1120 826 1204 quidem
846 1132 1003 1204 quantam
1026 1135 1152 1207 partem
1178 1148 1274 1190 reco-

236 1243 376 1329 gnitioni
391 1264 482 1306 meae
499 1251 665 1325 acceptam
675 1242 757 1304 ferat
772 1253 877 1306 astute
893 1243 1083 1323 dissimulat,
1098 1256 1135 1307 ut
1150 1245 1274 1329 siquid

236 1365 271 1428 in
295 1386 333 1427 ea
363 1363 425 1427 sibi
452 1362 758 1446 reprehendendum
789 1373 883 1446 putet
911 1365 1071 1429 subducto
1094 1366 1273 1449 supercilio

237 1495 356 1570 carpat,
380 1484 408 1547 is
431 1483 587 1546 uidelicet
609 1482 667 1565 qui
689 1505 765 1545 cum
792 1484 877 1546 nihil
905 1484 986 1548 utile
1015 1495 1073 1548 aut
1099 1487 1272 1569 probabile

236 1605 383 1669 attulerit
404 1605 440 1667 in
463 1603 673 1687 apertissimis
696 1626 791 1687 saepe
814 1605 935 1668 labitur
951 1616 983 1667 et
1005 1605 1186 1670 identidem
1203 1618 1272 1671 tam

236 1725 403 1792 Ciceronis
425 1726 526 1788 uerba
549 1746 646 1806 quam
669 1724 887 1809 interpretum
901 1726 1078 1790 sententias
1099 1749 1201 1810 praue
1218 1727 1273 1790 in-

236 1846 368 1930 telligit;
388 1846 444 1928 qui
467 1844 565 1908 etiam
581 1845 639 1907 ubi
656 1843 735 1928 quid
751 1847 838 1928 quod
854 1868 970 1909 uerum
993 1869 1060 1910 non
1083 1870 1151 1911 esse
1173 1848 1273 1913 facile

237 1966 346 2050 quiuis
367 1965 551 2049 intelligere
573 1975 700 2048 poterat
722 1988 741 2028 a
763 1988 814 2028 me
838 1966 990 2030 relictum
1013 1980 1081 2031 erat
1109 1991 1176 2033 non
1206 1970 1273 2033 alia

167 2159 171 2170 ¹
237 2090 276 2151 de
293 2109 390 2150 causa
405 2108 503 2169 quam
519 2085 596 2168 quia
610 2086 735 2150 incerta
750 2098 819 2150 erat
835 2088 1027 2166 emendatio,
1047 2090 1156 2152 dedita
1171 2111 1274 2173 opera

236 2229 297 2270 nec
320 2206 390 2269 sine
413 2217 602 2290 contemptu
634 2206 765 2270 editoris
795 2209 1034 2272 confutandum
1062 2208 1122 2271 sibi
1152 2212 1271 2275 sumit:

235 2328 271 2391 in
294 2349 358 2411 qua
380 2350 414 2390 re
440 2350 517 2391 sane
540 2328 665 2391 nescias
692 2338 803 2390 utrum
825 2329 927 2413 magis
950 2329 1169 2414 ignorantiam
1191 2331 1273 2396 artis

237 2472 279 2512 an
302 2448 403 2511 animi
426 2448 583 2511 malitiam
606 2471 775 2533 agnoscas3
799 2450 856 2512 sed
879 2461 965 2514 certe
987 2451 1121 2534 propius
1143 2455 1273 2536 perspi-

237 2571 376 2634 cientem
400 2591 468 2633 non
495 2580 602 2652 potest
629 2570 742 2654 fugere
771 2569 856 2632 hanc
887 2571 1107 2654 compilatoris
1135 2593 1272 2655 operam

153 2750 156 2756 .
236 2691 329 2754 nulla
351 2714 385 2753 re
408 2689 511 2774 magis
534 2691 693 2754 excellere
709 2713 808 2773 quam
830 2691 1046 2775 impudentia:
1072 2703 1104 2755 et
1122 2692 1202 2755 talia
1218 2694 1273 2757 ni-

237 2813 357 2875 mirum
372 2834 440 2875 non
463 2811 684 2875 conficiuntur
706 2811 811 2874 solum
827 2835 945 2875 uerum
961 2813 1058 2876 etiam
1080 2813 1271 2880 laudantur.

237 2945 359 3016 quanto
383 2944 415 2996 et
437 2931 573 3016 peritius
596 2932 685 2996 etin
708 2931 806 2995 simili
830 2933 964 2996 consilio
985 2933 1099 2997 utilius
1129 2945 1161 2998 et
1190 2959 1271 3000 uero

237 3055 335 3119 etiam
356 3053 525 3117 honestius
547 3054 597 3116 his
620 3054 711 3117 libris
732 3053 984 3138 interpretandis
1011 3055 1115 3119 editor
1137 3056 1272 3120 Britan-

237 3197 300 3239 nus
323 3197 455 3257 operam
477 3176 615 3237 nauauit
636 3176 688 3239 W.
712 3177 754 3238 D.
778 3177 988 3239 Pearmanus.

301 3332 429 3393 Dabam
452 3329 597 3393 Berolini
620 3353 663 3392 m.
687 3330 793 3413 Aprili
816 3351 1066 3394 nncoonxxxnr.
