3030 4876
721 340 744 379 11
762 330 804 392 21,
821 330 853 378 54
1243 335 1302 396 139

219 505 289 562 54*
315 526 332 562 ιι
358 525 376 562 s
402 499 535 561 doctum
557 498 724 561 hominem
746 521 832 577 sane,
858 499 951 564 cuius
974 500 1038 563 fuit
1054 501 1172 565 Accius
1194 503 1315 586 persa*

271 600 416 679 miliaria,
441 601 498 663 sed
520 623 674 680 mensem,
697 602 801 680 creda,
820 613 1002 666 extremum
1017 603 1104 682 anni,
1123 615 1160 667 ut
1175 618 1302 670 ueteres

270 875 323 910 non
337 875 488 926 possumus.
508 856 575 909 Nisi
577 858 658 925 forte
672 856 813 910 Sisennam
825 858 961 927 intellipit‚
977 877 1053 928 quem
1066 860 1133 912 libro
1147 861 1239 930 primo
1248 864 1303 914 Ac-

270 943 307 995 eii
317 942 491 1013 familiarem
508 943 616 996 uocauit
632 943 740 1008 [scilieet
755 944 892 996 Turnebus
912 946 935 1007 1,
947 947 972 1008 2,
987 948 1001 995 7
1013 963 1044 1014 p.
1057 947 1082 1009 9,
1095 947 1110 996 2
1122 945 1237 998 Accium
1248 966 1302 1000 non

270 1028 396 1081 Macrum
412 1028 507 1081 scribit
524 1033 549 1081 et
567 1028 662 1082 deinole
670 1047 701 1099 p.
713 1032 754 1094 10,
767 1031 779 1080 1
794 1028 910 1082 Sisenna
922 1029 981 1082 eius
994 1026 1302 1095 amicustsstnnouom

271 1119 361 1167 tamen
380 1115 570 1184 quodammodo
590 1115 799 1168 coniectabimus.
818 1115 864 1169 Eu
881 1134 910 1167 eo
928 1115 1009 1178 enim,
1029 1117 1098 1185 quoel
1115 1116 1162 1181 ait,
1182 1124 1215 1170 ut
1226 1125 1301 1171 uete-

271 1217 314 1252 res
336 1199 518 1265 februarium,
540 1200 580 1254 sic
597 1200 643 1254 hic
661 1200 831 1254 decembrem
852 1200 1029 1269 sequebatur,
1049 1201 1167 1254 arbitror
1188 1220 1247 1255 eum
1269 1205 1301 1257 olo

271 1287 360 1338 Bruto
378 1285 407 1338 in
426 1286 608 1355 superioribus
626 1287 691 1340 locis
707 1287 853 1355 loquutum.
874 1287 919 1340 Sic
937 1286 1007 1338 enim
1025 1288 1128 1355 quaerit
1141 1281 1301 1343 Plutarchus

269 1371 299 1424 in
313 1369 478 1424 Problemat'
497 1372 635 1425 Turnebus
649 1372 722 1424 1538.
753 1367 886 1425 ‘Doctum
903 1371 1049 1437 hominem]
1070 1373 1211 1426 Decimum
1228 1376 1302 1428 Bru-

270 1463 326 1510 tum
344 1456 478 1526 intellipit
501 1459 547 1526 qui
563 1457 646 1510 Accii
657 1463 754 1527 poetae
767 1457 972 1527 perfamiliaris
985 1459 1054 1529 fuit.
1075 1458 1166 1512 Cicero
1180 1479 1235 1530 pro
1247 1464 1302 1514 Ar-

270 1544 329 1595 ebia
346 1545 396 1608 [11‚
412 1546 455 1607 27,
469 1546 507 1613 ef.
523 1543 604 1595 Brut.
619 1544 660 1608 28,
678 1545 748 1608 wll.
771 1543 876 1598 Veteres
893 1548 982 1596 autem
999 1549 1112 1598 extremo
1130 1547 1198 1598 unni
1214 1565 1301 1602 mense

269 1628 321 1680 diis
338 1628 460 1681 manibus
474 1633 621 1698 parentare
639 1628 763 1694 solebam,
782 1629 829 1698 qui
839 1629 1000 1700 februarius
1012 1635 1078 1695 erat,
1094 1650 1188 1684 uerum
1196 1639 1301 1702 postea·

269 1733 349 1784 quam
360 1714 521 1786 februarius
539 1715 669 1767 secundus
686 1715 754 1767 anni
769 1716 869 1768 mensis
882 1718 979 1784 factus
997 1723 1045 1782 ost,
1066 1717 1191 1782 obtinuit,
1213 1723 1242 1770 ut
1260 1737 1301 1771 eo-

269 1803 328 1854 dem
345 1806 434 1854 tomen
451 1818 539 1854 mense
556 1818 598 1854 res
615 1800 711 1853 diuina
728 1801 767 1853 eis
775 1802 867 1871 fieret.
884 1820 977 1855 uerum
999 1807 1087 1856 tamen
1104 1805 1208 1856 Brutus
1225 1804 1302 1859 insti·

269 1886 323 1939 tuti
337 1887 435 1939 ueteris
453 1903 561 1951 memor,
581 1904 635 1938 non
653 1887 829 1956 februarium
847 1888 894 1942 secl
910 1889 1072 1941 decembrem
1088 1890 1212 1943 ultimum
1229 1909 1301 1942 men-

268 1990 323 2025 sem
340 1972 495 2041 sequebatur
512 1971 541 2024 in
559 1973 668 2024 morum
680 1973 800 2024 manium
808 1974 1050 2042 parentationrbus.
1072 1976 1153 2028 Hune
1166 1974 1302 2029 Ciceronis

268 2058 354 2110 locum
371 2057 410 2110 sie
427 2059 456 2110 in
465 2057 598 2126 probum,
608 2057 718 2128 attinpit
731 2059 893 2112 Plutarebus
904 2063 1020 2124 [Quaest.
1035 2061 1113 2112 Rom.
1130 2080 1151 2115 o.
1165 2063 1211 2126 34;
1227 2064 1300 2131 conf.

269 2161 290 2195 e.
309 2145 348 2208 19]
364 2143 405 2196 διὰ
421 2143 445 2195 τί
462 2151 513 2196 τῶν
531 2142 617 2196 ἄλλων
633 2139 771 2214 Ῥωμαίων
792 2145 817 2197 ἐν
836 2147 874 2214 τῷ
888 2143 1051 2217 Φεβρουαρίῳ
1066 2147 1127 2217 μηνὶ
1140 2148 1300 2217 ποιουμένων

267 2227 333 2300 χοὰς
350 2229 394 2281 κοιὶ
412 2230 562 2302 ἐναγισμοὺς
574 2237 629 2288 τοῖς
640 2227 783 2300 τεθνηκόσι,
799 2226 908 2299 Δέκιμος
920 2229 1042 2302 Βροῦτος,
1058 2235 1093 2290 ὡς
1104 2229 1223 2304 Κικέρων
1237 2233 1300 2286 ἱστό-

270 2332 360 2384 ρηκεν,
382 2315 408 2368 ἐν
426 2318 463 2387 τῷ
479 2314 627 2386 Δεκεμβρίῳ
645 2309 717 2368 τοῦτ’
736 2313 872 2387 inpetres?
897 2317 1035 2370 Turnebus
1055 2319 1129 2372 1552.
1154 2319 1301 2387 Defectum

269 2400 401 2453 orationis
413 2401 562 2456 Lambinus
573 2402 613 2454 ita
625 2403 766 2471 reparuuit
784 2401 874 2471 sitque
890 2401 986 2455 eadem
1004 2402 1088 2456 sacris
1105 2421 1161 2456 non
1179 2402 1300 2471 alligata.

267 2485 349 2539 uenio
369 2486 404 2539 ad
421 2487 543 2540 manium
560 2487 629 2551 iura,
649 2503 719 2556 quae
736 2488 853 2541 maiores
870 2488 959 2541 nostri
971 2494 997 2541 et
1010 2487 1210 2558 sapientissime
1222 2489 1301 2542 insti-

267 2577 381 2625 tuerunt
400 2579 427 2626 et
445 2572 652 2641 religiosissime
670 2570 822 2626 coluerunt.
844 2573 995 2627 Februario
1014 2580 1106 2627 eutem
1123 2591 1230 2638 mense,
1251 2573 1299 2643 qui

267 2664 326 2711 tum
344 2665 481 2711 extremus
494 2657 559 2710 anni
571 2658 672 2712 mensis
685 2664 751 2723 erat,
766 2658 883 2713 mortuis
895 2659 1034 2728 parentari
1047 2657 1210 2712 uolueruntz
1225 2659 1300 2729 quod

267 2749 358 2795 tamen
370 2744 501 2796 Decimus
513 2745 617 2796 Brutus
629 2743 776 2797 Decembri
793 2745 884 2798 facere
897 2743 1010 2798 solebat.
1029 2745 1108 2798 cuius
1121 2761 1171 2813 ego
1184 2744 1225 2798 rei
1237 2761 1300 2798 cau-

268 2847 327 2882 sam
339 2846 401 2882 cum
412 2846 518 2882 mecum
530 2845 697 2898 quaererem,
713 2830 831 2882 Brutum
849 2829 1019 2899 reperiebam
1037 2830 1065 2882 in
1082 2830 1134 2883 hac
1152 2847 1182 2883 re
1200 2828 1298 2884 iccirco

267 2933 283 2966 a
302 2932 377 2966 more
394 2914 529 2967 maiorum
547 2913 707 2967 discessisse
726 2918 796 2979 (nam
809 2913 952 2968 Sisennam
963 2915 1046 2969 uideo
1059 2933 1176 2980 causam,
1192 2933 1241 2969 cur
1252 2914 1299 2968 ille

266 3006 349 3052 uetus
367 2999 525 3053 institutum
544 3017 600 3052 non
622 3006 758 3064 seruaret,
779 2999 920 3068 ignorare,
942 3001 1052 3054 doctum
1068 3002 1206 3055 hominem
1224 3019 1297 3065 sane,

268 3085 347 3138 cuius
358 3085 413 3138 fuit
424 3085 519 3139 Attius
531 3084 731 3155 perfamiliaris)
746 3084 795 3138 sed
808 3091 854 3138 eet.
868 3088 946 3140 Haeo
959 3088 1005 3140 ille
1016 3088 1046 3141 in
1058 3089 1173 3142 editione
1185 3106 1210 3140 a.
1223 3091 1296 3153 1565,

267 3171 315 3223 ubi
324 3172 389 3223 baec
400 3172 526 3224 adnotat:
542 3166 630 3241 ‘quod
646 3178 738 3224 tamen
749 3171 784 3224 D.
797 3171 852 3237 Bn]
867 3173 912 3226 bic
929 3175 999 3227 loom
1017 3192 1048 3227 eu
1065 3193 1116 3227 uno
1134 3174 1223 3227 codiee
1235 3191 1298 3242 per-

268 3258 376 3325 antiquo
394 3262 419 3309 et
438 3257 582 3310 Plutarcbo
601 3256 737 3310 restitutus
750 3255 801 3310 est?
817 3259 846 3311 in
854 3258 1050 3328 posterioribus
1063 3259 1223 3313 editionibus
1234 3260 1298 3313 baec

269 3343 398 3396 Lambini
414 3342 552 3396 adnotatio
564 3345 673 3412 fertur:
688 3338 770 3396 ‘duae
787 3362 862 3397 uoces
880 3344 993 3415 alligata
1011 3346 1096 3401 sacris
1113 3364 1180 3416 quae
1198 3345 1298 3400 demole-

268 3428 398 3482 rabantur
415 3447 432 3481 a
449 3429 526 3482 nobis
543 3429 652 3483 additae
669 3434 731 3482 sunt
748 3432 785 3483 ael
800 3430 957 3484 sententiam
968 3431 1048 3485 buius
1060 3432 1115 3485 loci
1125 3432 1297 3503 explendam:

268 3532 333 3583 quas
351 3519 439 3568 tumen
456 3517 579 3569 nolumus
596 3515 690 3568 baberi
708 3516 864 3570 Ciceronis.
880 3559 886 3571 .
903 3557 909 3569 .
926 3557 931 3569 .
949 3534 1016 3586 quae
1033 3523 1177 3587 sequuntur
1193 3518 1225 3570 ole
1242 3534 1298 3569 mu-

268 3600 343 3653 nium
360 3601 463 3653 iuribus
480 3606 505 3654 et
522 3602 554 3654 ole
566 3601 679 3655 Decimo
697 3603 794 3667 Bruto,
816 3602 864 3672 qui
878 3622 966 3657 mense
978 3604 1122 3657 Decembri
1137 3621 1190 3656 non
1207 3606 1238 3656 ut
1254 3621 1299 3656 ue·

268 3690 336 3738 teres
355 3687 506 3740 Februario
523 3687 577 3742 aliis
594 3686 716 3742 manibus
729 3690 906 3759 parentabat,
925 3689 1030 3759 partim
1048 3707 1080 3743 ea
1098 3689 1185 3743 ooolioe
1199 3706 1298 3759 perun

268 3772 351 3840 tiquo,
370 3773 407 3826 od
424 3774 499 3826 euius
517 3791 594 3827 orum
604 3777 669 3844 fere
686 3773 780 3828 iisdem
798 3775 888 3828 uerbis
905 3775 1042 3845 adempta
1055 3780 1138 3840 erant,
1150 3774 1255 3845 purtim
1267 3793 1299 3827 ou

204 3897 206 3902 .
269 3858 415 3911 Plutarelo
432 3860 556 3912 restituta
572 3865 642 3925 sunt,
662 3877 730 3930 quae
746 3860 831 3913 nibilo
849 3861 935 3931 mapis
951 3860 1086 3915 Ciceronis
1098 3879 1152 3915 esse
1168 3857 1294 3932 affirmo.²

268 3943 297 3995 in
314 3943 409 3996 iisdem
422 3950 534 4014 praetor
550 3946 663 3999 leuiores
677 3946 706 3998 in
718 3946 775 3999 illis
786 3947 978 4016 supplementis
989 3947 1148 4001 mutationes
1155 3952 1218 4016 post
1229 3947 1298 3999 Bru-

266 4038 312 4082 tus
326 4034 358 4095 (u.
372 4034 411 4096 23)
430 4031 551 4084 additum
568 4032 667 4102 lepitm
683 4038 715 4085 ut
733 4032 864 4101 seriptum
882 4032 1026 4086 aSisenna
1045 4039 1087 4087 est
1104 4037 1204 4103 etpost
1221 4030 1298 4099 igno-

266 4134 327 4169 rare
341 4118 375 4179 (u.
387 4119 427 4183 26)
441 4119 505 4171 bueo
523 4117 625 4171 inserta
637 4122 699 4171 sunt
710 4117 828 4170 Brutum
840 4123 931 4171 autem
943 4118 1077 4172 maiorum
1087 4125 1245 4172 nostrorum
1257 4116 1298 4168 in·
