3030 4876
274 351 337 413 200
717 349 811 410 11118,
833 349 865 398 40

276 531 367 597 tates,
386 520 443 583 sed
464 541 568 602 paene
591 520 705 582 uultus
728 540 849 595 eorum,
870 519 959 601 apud
982 539 1061 600 quos
1085 517 1160 602 agit.
1185 519 1313 600 quodsi

275 623 310 684 in
336 651 380 686 *a
405 634 521 685 senatu
536 644 603 685 non
619 621 769 697 difficile
793 632 842 684 est
857 621 946 683 enim
964 620 1033 704 ipse
1049 631 1179 684 senator
1193 620 1237 699 is,
1256 643 1313 684 cu-

275 725 326 788 ius
348 747 417 788 non
440 726 481 787 ad
504 736 670 788 auctorem
693 725 852 788 referatur
875 724 1012 801 animus,
1038 724 1094 786 sed
1117 723 1174 806 qui
1200 747 1259 808 per
1280 747 1312 788 se

227 817 229 820 Α
276 829 345 911 ipse
369 827 508 912 spectari
530 829 619 890 uelit.
644 827 723 891 huic
745 828 833 890 iussa
855 827 917 890 tria
940 838 1032 889 sunt:
1057 837 1096 914 nt
1112 826 1212 904 adsit;
1236 849 1312 890 nam

245 950 257 988 ε
276 931 472 1016 grauitatem
503 953 553 993 res
579 931 690 1010 habet,
717 953 793 994 cum
816 931 970 1014 frequens
993 931 1071 992 ordo
1094 941 1157 1007 est;
1181 941 1221 993 ut
1242 931 1313 994 loco

277 1034 377 1112 dicat,
408 1034 514 1097 idest
541 1044 684 1118 rogatus;
714 1046 751 1097 ut
774 1035 882 1111 modo,
913 1057 955 1097 ne
978 1035 1020 1096 sit
1046 1031 1212 1110 infinitus;
1236 1055 1314 1096 nam

276 1137 421 1200 breuitas
442 1158 510 1200 non
532 1137 628 1200 modo
651 1136 817 1215 senatoris,
836 1138 893 1200 sed
915 1136 1014 1200 etiam
1037 1135 1172 1198 oratoris
1194 1158 1313 1220 magna

276 1241 348 1302 laus
371 1251 419 1302 est
440 1239 476 1302 in
499 1239 677 1303 sententia:
702 1261 763 1302 uec
787 1250 835 1303 est
861 1261 1018 1322 umquam
1045 1240 1144 1323 longa
1166 1239 1314 1303 oratione

277 1344 447 1420 utendum,
472 1342 536 1405 uisi
558 1353 615 1405 aut
636 1353 794 1426 peccante
817 1354 941 1421 senatu,
967 1342 1055 1425 quod
1077 1343 1115 1404 fit
1134 1341 1313 1405 ambitione

234 1463 258 1504 10
276 1446 471 1529 saepissime,
496 1445 588 1508 nullo
610 1445 802 1530 magistratu
824 1445 1003 1509 adiuuante
1027 1444 1098 1507 tolli
1121 1444 1209 1507 diem
1231 1444 1313 1509 utile

277 1558 332 1627 est,
358 1560 415 1611 aut
436 1570 512 1610 cum
535 1559 626 1612 tanta
648 1569 745 1612 causa
768 1559 879 1626 estut
901 1571 983 1631 opus
1004 1547 1046 1610 sit
1061 1547 1196 1611 oratoris
1219 1547 1313 1631 copia

280 1739 290 1788 1
311 1735 359 1789 sed
376 1754 442 1806 prae
459 1734 560 1789 uultus
570 1738 598 1789 B
695 1736 770 1806 quod
788 1736 809 1790 si
827 1754 856 1789 1n
874 1734 973 1789 senam
990 1753 1046 1789 non
1064 1734 1176 1789 difficile
1191 1737 1225 1789 d·
1240 1753 1312 1789 emm

277 1824 337 1875 AB
355 1821 429 1892 quod
448 1830 489 1876 est
506 1822 535 1874 in
552 1830 648 1877 senatu
661 1842 716 1877 non
729 1820 849 1876 difficile.
864 1829 906 1876 est
918 1821 990 1875 enim
1002 1823 1039 1874 R.
1053 1823 1215 1891 Stephanus:
1224 1817 1312 1891 ‘quod

278 1907 306 1960 in
325 1910 428 1972 senatu]
445 1909 552 1961 rnedien
571 1913 596 1960 et
614 1911 707 1963 redata
725 1929 793 1974 eree,
814 1927 880 1978 quae
899 1927 957 1961 curn
974 1907 1099 1977 patribus
1117 1913 1239 1976 ayentur,
1259 1926 1312 1960 non

277 1999 315 2046 ert
334 1993 459 2065 difficile.
485 2011 552 2062 quae
576 2012 635 2047 cunr
653 1995 757 2066 populo
780 2000 906 2064 apertur,
928 1999 965 2046 eet
987 1993 1033 2062 dif
1051 1991 1148 2046 ciliue'
1174 1993 1312 2047 Turnebus

277 2079 434 2139 aerisonum
454 2079 542 2147 itaque
556 2081 658 2149 putaui
674 2099 798 2134 maneum
816 2100 870 2134 ease
888 2081 1035 2134 orationem
1053 2085 1079 2131 et
1095 2080 1134 2131 eie
1144 2081 1212 2148 fere
1228 2080 1312 2148 scrip·

275 2171 332 2218 turn
348 2165 440 2233 fuisse
457 2164 531 2234 quod
556 2165 579 2218 si
597 2164 626 2217 in
644 2164 760 2235 (populo
779 2166 896 2219 arduum
915 2173 970 2230 est,
991 2165 1034 2234 in)
1052 2172 1148 2218 senatu
1167 2182 1223 2219 non
1241 2164 1313 2218 diffi-

277 2250 338 2304 cile.
360 2257 401 2304 est
419 2250 499 2304 enim.
522 2251 619 2316 Confer
636 2253 669 2304 de
688 2259 755 2305 orat.
775 2255 805 2316 2,
826 2254 870 2316 82,
892 2253 942 2302 333
960 2250 1028 2304 haec
1045 2251 1072 2304 in
1092 2258 1188 2304 senatu
1207 2250 1312 2305 minore

278 2343 410 2406 apparatu
423 2335 530 2404 agenda
547 2343 625 2398 sunt3
648 2337 757 2408 sapiens
776 2338 848 2392 enim
866 2344 907 2391 est
925 2335 1071 2390 eonsilium
1087 2334 1237 2406 multisque
1250 2335 1312 2389 aliis

278 2421 387 2476 dicendi
399 2420 595 2490 relinquendus
606 2420 694 2488 locus,
708 2422 823 2477 uitanda
836 2423 918 2477 etiam
930 2423 1035 2493 ingenii
1047 2421 1240 2476 ostentationis
1254 2440 1312 2475 sus·

277 2507 358 2577 picio.
377 2505 467 2561 contio
480 2507 553 2577 capit
566 2526 673 2562 omnem
690 2509 748 2563 uim
766 2509 899 2563 orationis
917 2517 944 2563 et
962 2509 1128 2578 grauitatem
1138 2507 1313 2562 uarietatem·

277 2611 331 2663 que
350 2594 495 2650 desiderat.
619 2598 634 2647 2
653 2593 710 2664 lpse
728 2593 865 2649 senatoris
879 2598 907 2648 A
925 2593 1011 2666 ipsese
1028 2592 1165 2648 senarurrs
1181 2595 1210 2646 B

278 2681 292 2730 3
312 2680 348 2734 ad
369 2689 509 2736 auctorem
532 2681 677 2735 deteriores
700 2680 734 2733 ab
758 2683 872 2734 auctore
891 2683 950 2735 AB
971 2681 1006 2734 ad
1030 2687 1150 2734 actorem
1171 2680 1312 2734 Turnebue

381 2766 472 2837 41pse
491 2765 611 2837 specran
622 2765 695 2819 uehr
712 2767 741 2819 r'n
759 2784 856 2820 rasura
875 2770 903 2820 A
1012 2764 1086 2820 adsrr
1102 2767 1149 2820 red
1166 2765 1184 2819 d
1203 2784 1264 2820 eorr
1283 2767 1310 2818 A

382 2855 398 2905 6
416 2851 570 2906 modenesrr
589 2854 617 2905 B
726 2855 740 2903 7
758 2849 806 2905 sed
823 2853 877 2906 &ra
895 2850 1016 2905 oratoris
1032 2852 1060 2904 in
1078 2856 1150 2904 textu
1168 2851 1266 2905 omissa
1283 2852 1312 2904 in

278 2940 401 3006 marpine
418 2957 502 2991 manu
519 2939 630 3008 antiqua
643 2939 732 3006 positu
750 2939 779 2990 B
882 2939 897 2989 8
917 2944 958 2991 est
975 2935 1005 2989 in
1023 2936 1159 2991 sententia
1177 2938 1244 2992 delet
1257 2938 1312 2991 Pu-

278 3028 381 3087 teanus,
396 3025 459 3089 item
465 3030 578 3094 praeter
590 3019 646 3077 est‘
656 3024 758 3078 Orellio
775 3021 896 3077 auctore'
914 3024 1042 3078 Halmius
1054 3029 1080 3076 et
1092 3024 1230 3088 Baiterue,
1246 3041 1312 3093 quae

278 3128 325 3178 eqo
344 3110 427 3163 nolim
447 3111 549 3165 abesae:
570 3129 645 3174 nam,
666 3114 696 3163 ut
713 3111 752 3162 eit
775 3110 868 3164 Cicero
880 3112 962 3163 Brut.
979 3111 1024 3174 13,
1043 3111 1089 3173 50,
1109 3108 1233 3162 breuiter
1250 3107 1312 3162 leus

279 3202 321 3248 est
338 3195 477 3250 interdum
494 3197 523 3250 in
541 3196 632 3266 aliqua
650 3203 728 3266 parte
746 3195 864 3261 dicendi,
884 3194 912 3248 in
931 3195 1061 3249 uniuersa
1080 3193 1238 3264 eloquentia
1249 3192 1311 3247 leu-

279 3280 341 3333 dem
358 3299 413 3334 non
430 3281 576 3348 habetne
593 3301 663 3336 nune
681 3282 710 3335 in
729 3281 873 3346 sententia,
888 3301 955 3351 quae
973 3286 1011 3334 ert
1028 3282 1121 3351 eliqua
1134 3298 1204 3350 pars
1221 3281 1312 3334 dieen-

279 3365 308 3418 dr'
325 3368 368 3419 uel
384 3386 468 3436 penne
485 3369 657 3437 effluentiae,
673 3367 828 3421 breuitatem
846 3368 949 3432 laudat,
970 3384 1050 3436 eaque
1068 3367 1128 3420 laus
1144 3384 1198 3419 non
1216 3367 1252 3419 ad
1270 3385 1311 3419 re-

279 3456 400 3505 natorem
419 3457 535 3518 tontum,
555 3456 601 3508 aed
619 3454 698 3506 etium
717 3454 753 3506 ud
770 3459 900 3507 oratorem
914 3453 1046 3521 pertinet,
1066 3454 1153 3522 qualia
1171 3453 1201 3506 r'n
1218 3457 1312 3506 screatu

282 3536 373 3591 Cicero
389 3539 452 3606 suit
469 3545 494 3592 et
513 3539 597 3610 pauci
613 3540 680 3593 elii:
699 3545 724 3592 et
741 3540 779 3592 sie
797 3543 866 3609 puto
886 3541 974 3608 aptius
991 3538 1104 3607 ediunpi
1125 3556 1176 3592 nec
1195 3546 1237 3592 est
1253 3557 1311 3591 um·

279 3641 360 3694 quam
375 3622 458 3693 longa
476 3623 600 3678 oratione
618 3630 665 3680 eet.
784 3641 835 3677 nec
854 3623 941 3678 esrum
959 3642 1040 3694 quam
1059 3627 1081 3689 (e
1098 3645 1112 3678 e
1130 3629 1196 3690 corr)
1215 3627 1243 3677 A
1261 3642 1312 3678 nec

279 3716 293 3762 e
311 3716 426 3780 inquam
444 3712 472 3765 B
593 3713 608 3762 9
626 3709 680 3764 nisi
699 3717 747 3763 aut
765 3711 908 3764 deteriores
921 3711 1009 3780 pauci
1025 3710 1077 3764 mir
1094 3730 1128 3764 ur
1146 3711 1205 3764 AB

279 3796 427 3850 ambitione
444 3797 472 3849 in
494 3796 544 3849 boe
566 3796 796 3868 aeterternam
817 3798 863 3849 sed
884 3794 945 3849 uide
964 3797 1040 3865 adp.
1059 3799 1125 3861 202,
1146 3800 1162 3850 9
1180 3813 1243 3850 cum
1266 3797 1313 3866 agi
1389 3862 1393 3871 ,

381 3881 455 3952 quod
473 3882 504 3935 fit
520 3881 668 3936 ambitione
687 3881 853 3952 saepissime}
865 3877 946 3935 ‘dicit
963 3882 1103 3936 nonnullos
1116 3901 1168 3953 per
1184 3882 1311 3936 ambitio-

277 3988 346 4034 nern,
367 3987 426 4022 curn
443 3969 553 4022 minime
571 3987 672 4023 necesse
691 3974 729 4022 est
746 3987 828 4038 neque
847 3975 952 4022 senatus
965 3973 1069 4036 peceat,
1090 3974 1179 4022 temen
1196 3969 1310 4022 dicendo

278 4056 345 4108 diem
364 4053 498 4109 eximere'
518 4055 656 4109 Turnebus
747 4058 778 4090 ’ἢ
791 4052 870 4107 nullu
888 4056 957 4119 (corr
969 4052 1004 4120 lo)
1017 4052 1183 4123 magistratu
1196 4057 1224 4107 A

278 4140 359 4194 urile·
380 4144 394 4194 ἔ
413 4138 464 4195 ar‘m
484 4145 529 4194 (Μ’
549 4160 597 4194 ἐν
615 4159 672 4193 rur
697 4160 705 4178 Α
812 4144 833 4178 “’·
873 4147 929 4190 rut<
972 4141 1085 4194 diffinere
1101 4158 1183 4194 rante
1197 4143 1225 4193 A
1299 4166 1311 4175 ··
