3030 4876
272 343 334 403 202
625 351 660 391 m
680 341 720 404 rs,
741 342 773 391 42
791 369 825 377 -
845 341 884 403 19,
906 341 938 390 43

271 512 484 588 intercessori,
510 533 574 594 quo
597 510 681 574 nihil
704 512 937 592 praestantius,
968 511 1111 595 inpediri
1134 512 1223 575 enim
1245 513 1305 576 bo-

273 638 349 677 nam
369 637 439 678 rem
453 615 571 677 melius
586 636 685 696 quam
700 614 836 676 concedi
852 614 965 676 malae.
990 615 1077 696 quod
1092 637 1171 677 uero
1188 616 1306 680 actoris
1317 614 1355 679 19

272 718 369 781 iubeo
393 741 460 781 esse
482 718 639 796 fraudem,
664 718 699 779 id
722 728 827 780 totum
850 717 919 780 dixi
942 740 984 780 ex
999 718 1114 795 Crassi,
1133 719 1306 801 sapientis-

274 822 348 885 simi
370 821 519 898 hominis,
545 820 721 885 sententis:
748 842 846 903 quem
861 832 909 884 est
924 832 1056 884 senatus
1071 834 1210 900 secutus,
1230 845 1307 886 cum
1358 837 1361 842 '

224 925 471 1005 ¹tdecreuisset
494 926 529 988 C.
555 923 692 989 Claudio
720 925 854 987 consule
883 926 922 987 de
951 926 1010 988 Cn.
1035 926 1193 988 Carbonis
1220 927 1307 989 sedi-

274 1029 364 1092 tione
386 1028 556 1104 referente,
582 1027 688 1091 inuito
712 1049 758 1104 eo,
784 1028 841 1110 qui
856 1049 932 1090 cum
947 1028 1069 1112 populo
1085 1039 1202 1112 ageret,
1220 1031 1308 1093 sedi-

274 1131 399 1194 tionem
427 1152 494 1193 non
524 1152 617 1214 posse
645 1130 728 1209 fieri,
761 1131 882 1214 quippe
910 1131 965 1193 cui
992 1131 1090 1194 liceat
1117 1132 1304 1210 concilium,

275 1234 373 1297 simul
396 1244 493 1316 atque
516 1233 731 1297 intercessum
753 1235 942 1316 turbatique
958 1246 1111 1318 coeptum
1126 1234 1175 1312 sit,
1194 1234 1308 1298 dimit·

275 1348 352 1400 tere.
384 1338 472 1420 quod
500 1338 557 1420 qui
585 1348 764 1420 permonet,
798 1358 873 1400 cum
903 1337 956 1421 agi
984 1336 1068 1400 nihil
1097 1349 1210 1420 potest,
1236 1340 1308 1403 uim

233 1456 258 1496 1⁰
276 1441 410 1523 quaerit,
436 1440 530 1503 cuius
556 1439 778 1523 inpunitatem
806 1440 927 1503 amittit
955 1439 1016 1502 hac
1047 1441 1129 1524 lege.
1158 1443 1356 1524 sequiturltl

274 1544 359 1606 illud
384 1537 590 1606 ‘intercessor
617 1542 665 1605 rei
693 1544 796 1606 malae
827 1543 976 1606 salutaris
1006 1543 1089 1605 ciuis
1116 1539 1204 1608 esto'
1234 1547 1307 1628 quis

275 1668 343 1709 non
364 1646 506 1709 studiose
529 1646 576 1709 rei
598 1646 749 1729 publicae
772 1647 964 1710 subuenerit
980 1647 1042 1709 hec
1058 1657 1125 1709 tam
1140 1650 1307 1730 praeclara

274 1749 356 1834 legis
378 1771 459 1812 uoce
482 1750 655 1812 laudetus‘l

340 1852 425 1915 Sunt
454 1851 572 1914 deinde
599 1852 703 1935 posita
734 1851 895 1934 deinceps,
921 1874 1004 1934 quae
1026 1853 1184 1916 habemus
1207 1855 1309 1917 etiam

233 1969 258 2010 1⁵
276 1955 311 2018 in
333 1954 475 2038 publicis
497 1954 656 2018 institutis
678 1965 775 2037 atque
798 1954 939 2038 legibus:
961 1948 1120 2038 ‘auspicia
1142 1968 1305 2036 seruante,

275 2058 391 2141 auguri
414 2051 571 2141 parento.²
592 2068 640 2121 est
662 2068 773 2120 autern
792 2057 872 2120 boni
887 2058 1019 2142 auguris
1034 2058 1220 2122 meminisse
1236 2082 1308 2122 ma-

275 2159 372 2223 ximis
395 2160 443 2223 rei
464 2160 616 2244 publicae
640 2161 840 2244 temporibus
854 2173 982 2244 praesto
999 2184 1066 2225 esse
1083 2163 1199 2225 debere
1216 2163 1308 2225 Ioui·
1377 2163 1380 2168 ’

276 2285 338 2346 que
362 2262 484 2347 optimo
507 2263 649 2326 maximo
672 2285 705 2326 se
726 2264 949 2327 consiliarium
963 2276 1060 2348 atque
1078 2265 1308 2329 administrum

275 2471 372 2506 rasura
389 2454 416 2505 A
522 2453 534 2503 1
554 2451 740 2521 praestantius
759 2453 885 2506 editiones
902 2450 1024 2531 pressius
1040 2455 1068 2505 A
1172 2457 1187 2506 2
1207 2455 1309 2508 actoris

275 2539 405 2592 editiones
422 2537 532 2592 actores
545 2539 573 2589 A
689 2543 705 2591 3
725 2537 783 2590 dixi
799 2538 936 2591 Victorius
954 2537 1008 2591 drcr
1026 2541 1053 2590 A
1169 2544 1184 2593 5
1203 2539 1237 2593 de
1256 2540 1307 2594 On.

276 2623 409 2678 Carbonis
426 2624 564 2677 Turnebus
576 2624 652 2692 drgn·
666 2623 793 2678 carbonrs
801 2626 829 2676 A
842 2623 875 2676 de
889 2622 919 2676 Ο.
934 2623 1068 2678 Carbonis
1080 2630 1141 2678 ante
1156 2626 1310 2680 Turnebnm

408 2729 422 2778 8
439 2699 749 2796 rurbsrrquseleoerirrfi
766 2729 794 2779 A
904 2728 959 2796 [Os.
980 2728 1078 2780 Liuins
1096 2731 1137 2793 25,
1153 2730 1177 2792 3,
1193 2731 1225 2780 19
1242 2727 1310 2781 Ful-

276 2811 341 2865 uius
359 2810 456 2866 consul
471 2811 592 2866 tribunis
605 2809 708 2866 ‘nonne
726 2810 839 2866 uidetis’
860 2812 950 2882 inquit
962 2809 1027 2866 ‘uos
1045 2813 1073 2866 in
1091 2813 1215 2867 ordinem
1232 2831 1310 2868 cosc-

274 2904 319 2951 tos
332 2916 392 2952 esse
404 2905 432 2951 et
449 2915 507 2951 rem
524 2896 559 2952 sd
578 2897 740 2952 seditionem
758 2905 890 2968 spectare,
910 2898 939 2951 ni
959 2917 1076 2969 propere
1094 2898 1233 2953 dimittitis
1251 2897 1310 2969 ple-

276 2983 319 3037 bis
338 2981 499 3038 concilium.>
520 2984 585 3038 ibid.
601 2988 626 3049 4,
642 2987 668 3049 6]
771 2987 787 3037 9
805 2985 915 3056 pmou&
929 2987 953 3049 (u
968 3002 1028 3038 corr
1041 3004 1072 3038 ee
1083 3003 1102 3037 n
1113 2990 1142 3038 nt
1153 2986 1265 3051 uidetur)
1281 2989 1309 3038 A

397 3087 459 3123 cum
477 3068 536 3138 agi]
556 3071 621 3125 neec
641 3088 722 3140 nsque
740 3070 777 3123 ed
794 3068 928 3140 religione
947 3073 1006 3135 207,
1021 3073 1036 3122 2
1055 3071 1132 3124 babet
1149 3072 1176 3122 B
1188 3076 1253 3174 pest
1269 3069 1310 3124 le·

277 3189 383 3252 gemp.
399 3174 504 3237 197,14
627 3176 658 3227 10
677 3171 778 3227 amittit
796 3173 922 3228 editiones
939 3191 1034 3226 amrrrr
1052 3176 1110 3229 AB
1230 3191 1262 3227 ac
1280 3177 1308 3227 A

378 3255 447 3326 lege.
467 3258 592 3328 sequitur
609 3259 738 3313 editiones
754 3257 915 3328 legequrrur
932 3262 988 3313 AB
1077 3263 1105 3310 11
1126 3277 1166 3313 rer
1183 3260 1212 3313 in
1230 3279 1309 3314 rasn-

276 3378 309 3413 ra
328 3363 356 3413 A
485 3344 1136 3417 12nudiorre·iz·i·Bsrud10sse**n”·rA
1245 3362 1306 3429 hac]

276 3463 306 3499 ac
324 3450 352 3500 A
455 3446 626 3516 preclslraA
729 3441 1309 3517 14quaehalbe1i1Bsedhseebeeor-

276 3537 376 3586 reetnm
393 3532 500 3586 uidetur
607 3535 636 3584 15
656 3531 791 3587 mintius
805 3536 833 3587 B
928 3533 1075 3588 seruanros
1098 3538 1122 3599 (o
1140 3555 1153 3589 e
1172 3553 1243 3598 corr,
1263 3534 1308 3587 ni-

275 3618 353 3672 detur
366 3617 511 3672 seruentur
520 3618 619 3685 fuisse)
638 3621 666 3671 A
756 3620 786 3672 16
799 3637 826 3689 p.
840 3618 859 3673 i.
874 3638 895 3672 e.
911 3618 1021 3688 publico
1034 3626 1097 3673 ante
1109 3626 1223 3690 perento
1242 3620 1311 3673 addi

277 3705 348 3758 iubet
363 3705 482 3758 Oreliins
495 3705 554 3757 coil.
569 3706 594 3769 3,
608 3707 633 3769 4,
650 3707 679 3756 11
769 3704 889 3773 augures
903 3708 931 3759 B
950 3706 1070 3774 augures
1086 3723 1147 3759 corr
1163 3705 1189 3758 rs
1197 3712 1221 3759 A

275 3790 431 3844 meminisse
445 3807 474 3844 se
483 3789 642 3854 Lambinus,
660 3791 740 3860 [qnod
751 3792 800 3844 boe
812 3792 915 3860 quidem
928 3792 985 3844 loeo
999 3792 1086 3844 abesse
1094 3809 1176 3862 posse
1187 3791 1305 3856 uidetur,

275 3878 401 3947 quoniam
414 3878 443 3929 in
461 3876 601 3930 bimembri
617 3877 736 3930 oratione
750 3895 900 3946 pronomen
913 3879 984 3947 qnod
996 3885 1034 3931 est
1046 3883 1107 3931 ante
1119 3875 1309 3930 consiliarium
1355 3876 1360 3883 '

275 3963 312 4014 ad
319 3963 439 4031 priorem
449 3979 549 4032 quoqne
556 3968 664 4032 partem
677 3964 809 4031 refertur:
819 3965 904 4033 panto
917 3964 996 4017 etiam
1008 3964 1193 4036 artificiosius,
1201 3981 1230 4032 p.
1239 3965 1282 4027 65,
1293 3965 1308 4013 8

274 4047 375 4117 quibus
396 4046 551 4102 inlustretis
576 4048 710 4119 sepientis
728 4047 797 4103 duce
814 4049 918 4104 bonum
934 4049 1027 4103 uirum
1045 4056 1072 4103 et
1089 4049 1125 4102 ob
1144 4067 1203 4102 eam
1220 4048 1310 4118 ipsam

274 4150 384 4187 causam
402 4141 495 4188 cernat
513 4152 542 4188 se
559 4135 671 4188 bertum
689 4134 769 4189 sorel
861 4136 891 4182 18
910 4152 1014 4205 optimo
1028 4153 1090 4188 corr
1102 4153 1134 4187 ex
1147 4135 1198 4189 obr
1210 4137 1238 4187 A
