3030 4876
591 387 614 426 11
634 376 673 439 ir,
688 375 821 437 cis-18,
837 376 870 425 45
1191 378 1249 438 127

163 550 282 614 lltela
303 548 485 625 hominum,
510 569 578 610 non
594 547 739 609 deorum.
763 546 939 631 reprimam
961 546 1035 623 iam,
1062 557 1094 609 et
1116 569 1184 610 nori
1198 547 1252 610 in-

215 674 332 735 sequar
354 650 493 734 longius,
519 671 622 732 eoque
637 649 755 728 minus,
781 671 845 732 quo
860 650 936 733 plus
951 671 1131 733 poenarum
1146 651 1251 714 habeo

216 777 316 838 quam
344 753 463 837 petiui3
493 764 624 816 tantum
646 774 767 836 ponam
788 753 895 830 breui,
921 753 1088 836 duplicem
1110 775 1251 836 poenam

216 880 285 921 esse
301 857 458 936 diuinam,
477 858 564 939 quod
580 856 765 939 consilar]et
777 879 818 920 ex
833 856 993 919 uexandis
1008 855 1165 919 uiuorum
1179 857 1251 918 ani-

215 960 278 1023 mis
305 970 338 1023 et
365 982 403 1022 ee
428 960 516 1022 fama
544 969 756 1038 mortuorum,
782 970 820 1022 ut
846 981 960 1023 eorum
982 958 1120 1022 exitium
1143 970 1176 1023 et
1197 959 1280 1022 iu-⁵

216 1063 301 1126 dicio
324 1062 480 1126 uiuorum
503 1073 535 1125 et
557 1062 677 1146 gaudio
701 1064 927 1145 conprobetur.

164 1156 207 1223 18
280 1166 360 1249 Agri
383 1175 494 1228 autem
517 1186 559 1227 ne
575 1176 815 1243 consecrentur,
832 1163 965 1228 Platoni
987 1186 1118 1248 prorsus
1134 1165 1251 1228 adsen-

163 1251 286 1346 45tior,
312 1268 376 1352 qui,
402 1268 430 1331 si
453 1268 549 1331 modo
570 1267 778 1351 interpretari
800 1278 945 1351 potuero,
974 1267 1026 1330 his
1051 1267 1119 1331 fere
1142 1268 1251 1331 uerbis

216 1372 334 1434 utitur:
358 1365 455 1434 ‘terra
477 1370 586 1455 igitur,
612 1381 649 1433 ut
670 1370 762 1434 focus
786 1371 1035 1449 domiciliorum,
1060 1393 1151 1433 sacra
1173 1371 1251 1434 deo-

216 1496 291 1536 rum
306 1474 455 1537 omnium
470 1483 532 1551 est3
550 1473 702 1555 quocirca
722 1495 764 1536 ne
788 1474 861 1556 quis
883 1474 1004 1536 iterum
1025 1474 1114 1537 idem
1136 1489 1293 1537 conse-10

175 1643 181 1648 ,
216 1587 314 1640 croto.
339 1599 457 1640 aurum
479 1587 591 1639 autem
609 1587 642 1640 et
657 1586 830 1660 argentum
844 1577 881 1639 in
896 1577 1032 1640 urbibus
1048 1587 1080 1639 et
1094 1577 1250 1660 priuatim

217 1691 249 1743 et
277 1680 313 1742 in
338 1679 424 1743 fanis
446 1680 610 1743 inuidiosa
637 1702 687 1743 res
717 1690 773 1743 est.
803 1690 875 1742 tuin
898 1683 978 1744 ebur
1001 1680 1156 1744 exinani
1179 1702 1251 1743 cor-

215 2006 381 2075 aliorumque
399 2006 525 2076 opinione
543 2005 670 2059 credibile
688 2010 733 2070 esi)
750 2005 806 2058 uim
819 2007 964 2060 sententiae
976 2026 1030 2060 non
1038 2011 1249 2078 perspexerunt:

212 2096 397 2163 perruperunt
415 2092 461 2145 illi
477 2092 583 2161 quidem
601 2091 705 2144 iudicia
718 2093 869 2160 corruptela
881 2092 1034 2145 bominum:
1053 2094 1115 2147 deos
1134 2111 1251 2146 conum-

211 2196 278 2247 pere
291 2196 344 2231 non
352 2181 508 2246 potuerunt,
529 2178 576 2247 qui
592 2179 698 2246 elapsos
715 2197 729 2229 e
748 2176 850 2229 iudicio
865 2182 953 2230 tamen
966 2196 1011 2230 suo
1024 2183 1140 2247 limpore
1153 2183 1179 2231 el
1189 2197 1252 2249 qra-

216 2265 276 2325 aijus
293 2264 345 2317 alli
366 2265 452 2328 sunl]
596 2266 608 2314 1
633 2261 688 2314 iam
706 2269 733 2315 et
750 2265 819 2328 non]
841 2261 897 2315 iam
914 2281 957 2315 me
974 2281 1025 2317 neo
1043 2265 1079 2317 R.
1100 2265 1251 2333 Stephanus

215 2347 270 2402 iam
291 2366 334 2401 me
359 2356 386 2402 et
408 2366 464 2401 non
485 2348 624 2402 Turnebus
647 2348 701 2401 iam
723 2365 780 2412 me,
801 2366 856 2401 non
877 2349 1034 2418 Maduiyius
1062 2351 1132 2418 Opp.
1154 2353 1184 2414 2,
1202 2351 1250 2402 153

319 2437 335 2486 2
357 2433 440 2510 mmis
461 2435 489 2485 A
597 2433 672 2503 quod
695 2434 731 2486 H
829 2451 962 2513 penarum
986 2436 1023 2488 H
1122 2437 1137 2486 3
1162 2435 1250 2506 petiui

216 2538 344 2591 editiones
361 2556 467 2608 periuir
491 2538 588 2590 ABH
692 2554 792 2606 ponem
816 2537 875 2589 erui
898 2536 1036 2590 Turnebus
1053 2555 1154 2607 ponam
1170 2538 1251 2591 breui

218 2623 368 2676 Lambinus
385 2629 474 2692 paeni‘i
491 2622 595 2674 merebi
614 2624 672 2691 (pac
690 2640 753 2676 corr
770 2641 802 2676 er
813 2631 873 2693 poe)
891 2625 919 2677 Β
936 2623 1150 2693 poendsserebi
1168 2627 1196 2688 (-
1208 2643 1250 2678 su-

211 2727 262 2778 per
280 2727 296 2761 a
315 2729 331 2761 a
350 2727 412 2761 corr
430 2710 497 2770 add,
519 2725 549 2760 er
571 2708 600 2760 in
618 2726 730 2773 rasura,
753 2709 772 2761 b
790 2727 822 2762 er
840 2728 857 2761 u
877 2713 950 2773 corr)
974 2715 1001 2762 A
1023 2727 1094 2789 pena
1112 2727 1200 2762 merui
1219 2711 1254 2763 H

317 2812 434 2864 poenam
453 2799 549 2863 (paeni
566 2793 594 2845 B
611 2810 709 2872 penam
728 2796 770 2858 H)
789 2793 844 2848 esse
862 2795 959 2849 ΑΒΗ
972 2812 1032 2848 esse
1050 2812 1167 2865 poenam
1179 2798 1251 2850 Hal·

215 2881 285 2933 mius
304 2885 329 2932 el
347 2881 476 2932 Baderus
494 2879 577 2932 inuiti
594 2884 624 2931 ul
642 2879 749 2932 uidetur
873 2884 888 2931 i
907 2887 1014 2933 constet
1033 2898 1066 2933 ex
1088 2882 1250 2934 Goerenzius

217 2969 284 3018 1796
297 2964 431 3018 conitar&
449 2982 483 3017 ex
494 2967 551 3018 AB
563 2963 680 3018 eostur&
693 2978 727 3018 ex
741 2967 778 3019 H
779 2986 784 3028 3
806 2973 913 3019 constat
932 2973 959 3019 et
977 2984 1012 3019 ex
1029 2968 1172 3020 deteriores
1185 2986 1249 3020 non-

215 3052 288 3106 nulli
304 3051 427 3103 diuinam
445 3068 559 3120 eamque
577 3058 703 3104 constare
722 3058 749 3104 et
768 3069 801 3104 ex
814 3052 975 3122 Madaiyius
987 3053 1056 3105 iusto
1068 3053 1204 3116 audacias,
1220 3058 1250 3105 ul

214 3138 284 3190 midi
300 3137 417 3189 uidetur.
431 3137 532 3207 Confer
545 3138 623 3190 Taso.
637 3137 703 3206 disp.
716 3140 739 3201 5,
752 3139 791 3201 15,
801 3139 833 3188 43
853 3155 916 3191 cum
933 3137 1036 3208 duplex
1054 3137 1124 3191 ratio
1142 3144 1251 3208 pertur-

215 3222 336 3276 bationis
355 3222 400 3286 sit,
421 3222 496 3291 quod
514 3222 658 3291 aegritudo
673 3264 678 3275 .
693 3263 698 3274 .
712 3263 718 3275 .
732 3230 859 3276 uersetur
963 3226 978 3274 5
998 3226 1037 3290 ea]
1054 3241 1088 3276 ex
1100 3224 1250 3277 Lambinus

320 3330 407 3379 exicii
424 3327 452 3379 Β
471 3301 549 3378 exiiii
563 3327 600 3379 H
731 3325 835 3379 iudicio
853 3326 997 3380 deteriores
1015 3326 1180 3380 iuditiorum
1192 3330 1250 3382 AB

215 3411 380 3465 iudiciorum
397 3414 434 3465 H
510 3413 631 3478 bellur
649 3412 677 3464 Β
767 3412 933 3482 oompbetur
952 3414 989 3466 H
1059 3412 1251 3466 lconsecran-

214 3532 264 3567 rur
284 3515 321 3567 H
337 3489 531 3579 consecrinrur
549 3515 577 3567 Β
595 3514 790 3569 consecrentur
807 3514 907 3581 (secren
924 3517 955 3569 in
971 3518 1075 3581 rbiura)
1092 3519 1120 3569 A

216 3609 338 3687 platonis
352 3621 380 3672 Β
496 3616 594 3686 prosus
609 3620 637 3670 A
655 3618 743 3689 polus
760 3621 796 3672 H
807 3618 921 3689 prorsus
935 3621 963 3673 Β
1079 3621 1249 3701 81nrerpre·

216 3738 272 3773 rari
284 3725 312 3772 A
397 3720 471 3773 ferre
483 3722 510 3773 Β
522 3719 599 3773 ferre
612 3725 638 3773 A
651 3722 724 3791 ferre
738 3723 775 3775 H
848 3725 863 3774 9
881 3740 976 3775 uurur
990 3720 1065 3787 (uui)
1078 3725 1125 3776 sed
1137 3741 1152 3775 τ
1163 3725 1249 3776 altera

215 3806 245 3858 in
263 3824 360 3858 rasura
378 3808 437 3861 AB
459 3824 566 3859 urimur
591 3807 761 3860 Heinsianas
870 3806 1071 3861 domiciliorum
1088 3811 1125 3862 H
1139 3807 1249 3861 domici·

215 3879 315 3968 librum
336 3894 364 3943 A
383 3890 551 3946 domicilium
568 3897 600 3945 ru
616 3912 668 3962 per
685 3911 808 3946 rasuram
826 3899 959 3947 rualedum
977 3894 1007 3946 in
1030 3892 1199 3947 domicihum
1222 3895 1250 3947 Β

303 3993 379 4047 suerii
392 3997 419 4048 B
438 3983 512 4048 sacrb
530 3999 558 4049 A
577 3994 651 4048 sacro
670 3998 707 4049 H
793 3995 1003 4060 domiciliorum,
1020 4013 1096 4049 soora
1112 3996 1249 4049 Turnebus

304 4082 335 4130 10
353 4079 436 4149 quide
454 4082 491 4132 H
593 4081 621 4131 ll
643 4087 726 4133 aure*
746 4085 784 4147 (re
802 4099 816 4132 e
834 4087 901 4147 corr)
924 4084 952 4134 A
1051 4084 1082 4133 12
1102 4082 1170 4135 ebur
1189 4099 1250 4135 corr

215 4184 247 4218 er
266 4183 342 4218 emur
354 4168 390 4228 A,
412 4165 441 4218 in
460 4166 536 4218 cuius
552 4167 798 4236 maraine-antiqua
809 4186 891 4220 manu
904 4168 971 4221 ebur
984 4168 1111 4236 soru'plum
1125 4172 1163 4220 esi
