<?xml version="1.0" encoding="UTF-8"?>
<!DOCTYPE html PUBLIC "-//W3C//DTD XHTML 1.0 Transitional//EN"
    "http://www.w3.org/TR/xhtml1/DTD/xhtml1-transitional.dtd">
<html xmlns="http://www.w3.org/1999/xhtml" xml:lang="en" lang="en">
 <head>
  <title>
</title>
<meta http-equiv="Content-Type" content="text/html;charset=utf-8" />
  <meta name='ocr-system' content='tesseract 3.04.00' />
  <meta name='ocr-capabilities' content='ocr_page ocr_carea ocr_par ocr_line ocrx_word'/>
</head>
<body>
  <div class='ocr_page' id='page_1' title='image "./delegibuslibri00cicegoog_0019.png"; bbox 0 0 3030 4876; ppageno 0'>
   <div class='ocr_carea' id='block_1_1' title="bbox 515 403 1256 460">
    <p class='ocr_par' dir='ltr' id='par_1_1' title="bbox 515 403 1256 460">
     <span class='ocr_line' id='line_1_1' title="bbox 515 403 1256 460; baseline 0 -16"><span class='ocrx_word' id='word_1_1' title='bbox 515 403 677 446; x_wconf 76' lang='lat' dir='ltr'>PRAEFATIO</span> <span class='ocrx_word' id='word_1_2' title='bbox 696 405 793 445; x_wconf 81' lang='lat' dir='ltr'>NOVAE</span> <span class='ocrx_word' id='word_1_3' title='bbox 811 405 959 446; x_wconf 80' lang='lat' dir='ltr'>EDI&#39;HONIS</span> <span class='ocrx_word' id='word_1_4' title='bbox 1194 415 1256 460; x_wconf 70' lang='lat' dir='ltr'>xm</span> 
     </span>
    </p>
   </div>
   <div class='ocr_carea' id='block_1_2' title="bbox 154 562 1345 2687">
    <p class='ocr_par' dir='ltr' id='par_1_2' title="bbox 154 562 1345 2687">
     <span class='ocr_line' id='line_1_2' title="bbox 220 562 1255 648; baseline 0.002 -19"><span class='ocrx_word' id='word_1_5' title='bbox 220 573 325 630; x_wconf 79' lang='lat' dir='ltr'>autem</span> <span class='ocrx_word' id='word_1_6' title='bbox 346 585 407 626; x_wconf 77' lang='lat' dir='ltr'>acra</span> <span class='ocrx_word' id='word_1_7' title='bbox 430 583 533 626; x_wconf 79' lang='lat' dir='ltr'>omnes</span> <span class='ocrx_word' id='word_1_8' title='bbox 555 562 611 626; x_wconf 80' lang='lat' dir='ltr'>sed</span> <span class='ocrx_word' id='word_1_9' title='bbox 635 585 689 626; x_wconf 83' lang='lat' dir='ltr'>eas</span> <span class='ocrx_word' id='word_1_10' title='bbox 713 571 834 627; x_wconf 78' lang='lat' dir='ltr'>tontum</span> <span class='ocrx_word' id='word_1_11' title='bbox 857 586 935 648; x_wconf 78' lang='lat' dir='ltr'>quer</span> <span class='ocrx_word' id='word_1_12' title='bbox 957 572 1014 628; x_wconf 78' lang='lat' dir='ltr'>cot</span> <span class='ocrx_word' id='word_1_13' title='bbox 1035 587 1104 629; x_wconf 81' lang='lat' dir='ltr'>eam</span> <span class='ocrx_word' id='word_1_14' title='bbox 1126 567 1163 630; x_wconf 87' lang='lat' dir='ltr'>ob</span> <span class='ocrx_word' id='word_1_15' title='bbox 1188 589 1255 631; x_wconf 81' lang='lat' dir='ltr'>rem</span> 
     </span>
     <span class='ocr_line' id='line_1_3' title="bbox 221 677 1256 769; baseline 0.002 -21"><span class='ocrx_word' id='word_1_16' title='bbox 221 707 313 769; x_wconf 80' lang='lat' dir='ltr'>quam</span> <span class='ocrx_word' id='word_1_17' title='bbox 328 684 398 748; x_wconf 72' lang='lat' dir='ltr'>diei</span> <span class='ocrx_word' id='word_1_18' title='bbox 416 690 473 747; x_wconf 79' lang='lat' dir='ltr'>aot</span> <span class='ocrx_word' id='word_1_19' title='bbox 495 682 568 746; x_wconf 68' lang='lat' dir='ltr'>cliro</span> <span class='ocrx_word' id='word_1_20' title='bbox 590 683 683 747; x_wconf 63' lang='lat' dir='ltr'>oertrssr</span> <span class='ocrx_word' id='word_1_21' title='bbox 704 677 879 747; x_wconf 73' lang='lat' dir='ltr'>rationibus</span> <span class='ocrx_word' id='word_1_22' title='bbox 897 683 991 747; x_wconf 76' lang='lat' dir='ltr'>utiles</span> <span class='ocrx_word' id='word_1_23' title='bbox 1013 707 1079 749; x_wconf 79' lang='lat' dir='ltr'>esse</span> <span class='ocrx_word' id='word_1_24' title='bbox 1093 687 1181 749; x_wconf 71' lang='lat' dir='ltr'>doci.</span> <span class='ocrx_word' id='word_1_25' title='bbox 1205 688 1256 751; x_wconf 93' lang='lat' dir='ltr'>his</span> 
     </span>
     <span class='ocr_line' id='line_1_4' title="bbox 220 803 1257 890; baseline 0.003 -22"><span class='ocrx_word' id='word_1_26' title='bbox 220 827 305 888; x_wconf 87' lang='lat' dir='ltr'>quae</span> <span class='ocrx_word' id='word_1_27' title='bbox 332 815 405 867; x_wconf 94' lang='lat' dir='ltr'>tum</span> <span class='ocrx_word' id='word_1_28' title='bbox 426 803 652 866; x_wconf 85' lang='lat' dir='ltr'>iudicauoram</span> <span class='ocrx_word' id='word_1_29' title='bbox 680 825 722 866; x_wconf 92' lang='lat' dir='ltr'>ne</span> <span class='ocrx_word' id='word_1_30' title='bbox 751 825 841 866; x_wconf 89' lang='lat' dir='ltr'>nuno</span> <span class='ocrx_word' id='word_1_31' title='bbox 864 804 1012 885; x_wconf 84' lang='lat' dir='ltr'>quidem,</span> <span class='ocrx_word' id='word_1_32' title='bbox 1045 817 1257 890; x_wconf 82' lang='lat' dir='ltr'><strong>posteaquam</strong></span> 
     </span>
     <span class='ocr_line' id='line_1_5' title="bbox 221 923 1257 1008; baseline 0.003 -20"><span class='ocrx_word' id='word_1_33' title='bbox 221 946 354 988; x_wconf 90' lang='lat' dir='ltr'>omnem</span> <span class='ocrx_word' id='word_1_34' title='bbox 380 923 480 986; x_wconf 89' lang='lat' dir='ltr'>huius</span> <span class='ocrx_word' id='word_1_35' title='bbox 509 923 586 986; x_wconf 87' lang='lat' dir='ltr'>libri</span> <span class='ocrx_word' id='word_1_36' title='bbox 615 923 795 1006; x_wconf 83' lang='lat' dir='ltr'>scripturae</span> <span class='ocrx_word' id='word_1_37' title='bbox 826 924 1019 988; x_wconf 90' lang='lat' dir='ltr'>uarietatem</span> <span class='ocrx_word' id='word_1_38' title='bbox 1050 948 1109 1008; x_wconf 91' lang='lat' dir='ltr'>per</span> <span class='ocrx_word' id='word_1_39' title='bbox 1138 927 1257 991; x_wconf 90' lang='lat' dir='ltr'>edendi</span> 
     </span>
     <span class='ocr_line' id='line_1_6' title="bbox 222 1043 1257 1128; baseline 0.002 -20"><span class='ocrx_word' id='word_1_40' title='bbox 222 1067 355 1128; x_wconf 84' lang='lat' dir='ltr'>operam</span> <span class='ocrx_word' id='word_1_41' title='bbox 378 1044 486 1107; x_wconf 92' lang='lat' dir='ltr'>denuo</span> <span class='ocrx_word' id='word_1_42' title='bbox 509 1043 706 1121; x_wconf 83' lang='lat' dir='ltr'>examinaui,</span> <span class='ocrx_word' id='word_1_43' title='bbox 732 1043 843 1122; x_wconf 89' lang='lat' dir='ltr'>habeo,</span> <span class='ocrx_word' id='word_1_44' title='bbox 866 1045 953 1126; x_wconf 93' lang='lat' dir='ltr'>quod</span> <span class='ocrx_word' id='word_1_45' title='bbox 977 1055 1034 1108; x_wconf 94' lang='lat' dir='ltr'>aut</span> <span class='ocrx_word' id='word_1_46' title='bbox 1056 1046 1133 1109; x_wconf 91' lang='lat' dir='ltr'>addi</span> <span class='ocrx_word' id='word_1_47' title='bbox 1155 1047 1257 1110; x_wconf 91' lang='lat' dir='ltr'>uelim</span> 
     </span>
     <span class='ocr_line' id='line_1_7' title="bbox 222 1162 1257 1248; baseline 0.003 -21"><span class='ocrx_word' id='word_1_48' title='bbox 222 1176 279 1227; x_wconf 91' lang='lat' dir='ltr'>aut</span> <span class='ocrx_word' id='word_1_49' title='bbox 293 1164 388 1241; x_wconf 90' lang='lat' dir='ltr'>demi,</span> <span class='ocrx_word' id='word_1_50' title='bbox 406 1185 525 1226; x_wconf 92' lang='lat' dir='ltr'>uerum</span> <span class='ocrx_word' id='word_1_51' title='bbox 540 1163 586 1226; x_wconf 87' lang='lat' dir='ltr'>sio</span> <span class='ocrx_word' id='word_1_52' title='bbox 601 1173 690 1246; x_wconf 90' lang='lat' dir='ltr'>puto,</span> <span class='ocrx_word' id='word_1_53' title='bbox 708 1162 774 1225; x_wconf 90' lang='lat' dir='ltr'>iam</span> <span class='ocrx_word' id='word_1_54' title='bbox 787 1164 936 1245; x_wconf 87' lang='lat' dir='ltr'>quemuis</span> <span class='ocrx_word' id='word_1_55' title='bbox 947 1186 1040 1248; x_wconf 90' lang='lat' dir='ltr'>posse</span> <span class='ocrx_word' id='word_1_56' title='bbox 1056 1187 1074 1228; x_wconf 92' lang='lat' dir='ltr'>e</span> <span class='ocrx_word' id='word_1_57' title='bbox 1090 1188 1257 1231; x_wconf 89' lang='lat' dir='ltr'>commen-</span> 
     </span>
     <span class='ocr_line' id='line_1_8' title="bbox 221 1282 1253 1368; baseline 0.003 -20"><span class='ocrx_word' id='word_1_58' title='bbox 221 1284 312 1348; x_wconf 89' lang='lat' dir='ltr'>tariis</span> <span class='ocrx_word' id='word_1_59' title='bbox 334 1284 431 1361; x_wconf 90' lang='lat' dir='ltr'>meis,</span> <span class='ocrx_word' id='word_1_60' title='bbox 456 1283 616 1346; x_wconf 92' lang='lat' dir='ltr'>modone</span> <span class='ocrx_word' id='word_1_61' title='bbox 640 1282 743 1346; x_wconf 92' lang='lat' dir='ltr'>obiter</span> <span class='ocrx_word' id='word_1_62' title='bbox 765 1282 935 1366; x_wconf 88' lang='lat' dir='ltr'>inspectis,</span> <span class='ocrx_word' id='word_1_63' title='bbox 961 1284 1023 1347; x_wconf 84' lang='lat' dir='ltr'>sibi</span> <span class='ocrx_word' id='word_1_64' title='bbox 1050 1287 1253 1368; x_wconf 89' lang='lat' dir='ltr'>persuadere,</span> 
     </span>
     <span class='ocr_line' id='line_1_9' title="bbox 222 1402 1257 1490; baseline 0.004 -23"><span class='ocrx_word' id='word_1_65' title='bbox 222 1427 274 1468; x_wconf 92' lang='lat' dir='ltr'>me</span> <span class='ocrx_word' id='word_1_66' title='bbox 297 1413 384 1467; x_wconf 90' lang='lat' dir='ltr'>recte</span> <span class='ocrx_word' id='word_1_67' title='bbox 407 1404 447 1467; x_wconf 92' lang='lat' dir='ltr'>de</span> <span class='ocrx_word' id='word_1_68' title='bbox 471 1402 592 1466; x_wconf 90' lang='lat' dir='ltr'>codicis</span> <span class='ocrx_word' id='word_1_69' title='bbox 619 1411 737 1465; x_wconf 87' lang='lat' dir='ltr'>natura</span> <span class='ocrx_word' id='word_1_70' title='bbox 764 1403 973 1468; x_wconf 83' lang='lat' dir='ltr'>existimasse.</span> <span class='ocrx_word' id='word_1_71' title='bbox 998 1405 1070 1488; x_wconf 85' lang='lat' dir='ltr'>quis</span> <span class='ocrx_word' id='word_1_72' title='bbox 1098 1429 1176 1471; x_wconf 92' lang='lat' dir='ltr'>uero</span> <span class='ocrx_word' id='word_1_73' title='bbox 1200 1409 1257 1490; x_wconf 94' lang='lat' dir='ltr'>qui</span> 
     </span>
     <span class='ocr_line' id='line_1_10' title="bbox 222 1522 1257 1606; baseline 0.002 -18"><span class='ocrx_word' id='word_1_74' title='bbox 222 1525 284 1588; x_wconf 90' lang='lat' dir='ltr'>ista</span> <span class='ocrx_word' id='word_1_75' title='bbox 305 1523 459 1588; x_wconf 90' lang='lat' dir='ltr'>Muelleri</span> <span class='ocrx_word' id='word_1_76' title='bbox 482 1522 614 1606; x_wconf 88' lang='lat' dir='ltr'>legerit,</span> <span class='ocrx_word' id='word_1_77' title='bbox 639 1544 707 1586; x_wconf 92' lang='lat' dir='ltr'>non</span> <span class='ocrx_word' id='word_1_78' title='bbox 730 1524 967 1606; x_wconf 87' lang='lat' dir='ltr'>expectauerit,</span> <span class='ocrx_word' id='word_1_79' title='bbox 992 1525 1028 1588; x_wconf 91' lang='lat' dir='ltr'>in</span> <span class='ocrx_word' id='word_1_80' title='bbox 1050 1525 1120 1590; x_wconf 91' lang='lat' dir='ltr'>eius</span> <span class='ocrx_word' id='word_1_81' title='bbox 1143 1549 1257 1590; x_wconf 86' lang='lat' dir='ltr'>recen-</span> 
     </span>
     <span class='ocr_line' id='line_1_11' title="bbox 221 1642 1257 1730; baseline 0.002 -22"><span class='ocrx_word' id='word_1_82' title='bbox 221 1647 313 1709; x_wconf 88' lang='lat' dir='ltr'>sione</span> <span class='ocrx_word' id='word_1_83' title='bbox 342 1644 507 1728; x_wconf 86' lang='lat' dir='ltr'>insignem</span> <span class='ocrx_word' id='word_1_84' title='bbox 529 1643 694 1725; x_wconf 90' lang='lat' dir='ltr'>quandam</span> <span class='ocrx_word' id='word_1_85' title='bbox 723 1642 901 1707; x_wconf 81' lang='lat' dir='ltr'>utilitatem</span> <span class='ocrx_word' id='word_1_86' title='bbox 923 1667 964 1708; x_wconf 88' lang='lat' dir='ltr'>ex</span> <span class='ocrx_word' id='word_1_87' title='bbox 986 1645 1043 1709; x_wconf 89' lang='lat' dir='ltr'>illo</span> <span class='ocrx_word' id='word_1_88' title='bbox 1066 1646 1149 1710; x_wconf 91' lang='lat' dir='ltr'>libro</span> <span class='ocrx_word' id='word_1_89' title='bbox 1171 1647 1257 1730; x_wconf 90' lang='lat' dir='ltr'>peti-</span> 
     </span>
     <span class='ocr_line' id='line_1_12' title="bbox 223 1765 1330 1850; baseline 0.002 -21"><span class='ocrx_word' id='word_1_90' title='bbox 223 1776 291 1829; x_wconf 90' lang='lat' dir='ltr'>tam</span> <span class='ocrx_word' id='word_1_91' title='bbox 314 1775 423 1828; x_wconf 87' lang='lat' dir='ltr'>extare</span> <span class='ocrx_word' id='word_1_92' title='bbox 440 1785 538 1846; x_wconf 93' lang='lat' dir='ltr'>quam</span> <span class='ocrx_word' id='word_1_93' title='bbox 560 1784 652 1825; x_wconf 89' lang='lat' dir='ltr'>meus</span> <span class='ocrx_word' id='word_1_94' title='bbox 675 1771 788 1845; x_wconf 88' lang='lat' dir='ltr'>stupor</span> <span class='ocrx_word' id='word_1_95' title='bbox 809 1774 867 1826; x_wconf 91' lang='lat' dir='ltr'>aut</span> <span class='ocrx_word' id='word_1_96' title='bbox 888 1765 1090 1849; x_wconf 86' lang='lat' dir='ltr'>negligentia</span> <span class='ocrx_word' id='word_1_97' title='bbox 1111 1777 1257 1850; x_wconf 89' lang='lat' dir='ltr'>praeter·</span> <span class='ocrx_word' id='word_1_98' title='bbox 1329 1833 1330 1841; x_wconf 59' lang='grc'>,</span> 
     </span>
     <span class='ocr_line' id='line_1_13' title="bbox 223 1882 1257 1970; baseline 0.001 -21"><span class='ocrx_word' id='word_1_99' title='bbox 223 1885 369 1949; x_wconf 66' lang='lat' dir='ltr'>miseriti</span> <span class='ocrx_word' id='word_1_100' title='bbox 385 1885 424 1947; x_wconf 94' lang='lat' dir='ltr'>de</span> <span class='ocrx_word' id='word_1_101' title='bbox 440 1905 492 1946; x_wconf 92' lang='lat' dir='ltr'>me</span> <span class='ocrx_word' id='word_1_102' title='bbox 513 1885 646 1966; x_wconf 88' lang='lat' dir='ltr'>possum</span> <span class='ocrx_word' id='word_1_103' title='bbox 666 1905 743 1945; x_wconf 89' lang='lat' dir='ltr'>uere</span> <span class='ocrx_word' id='word_1_104' title='bbox 765 1882 869 1962; x_wconf 85' lang='lat' dir='ltr'>fateri,</span> <span class='ocrx_word' id='word_1_105' title='bbox 887 1907 939 1948; x_wconf 92' lang='lat' dir='ltr'>me</span> <span class='ocrx_word' id='word_1_106' title='bbox 963 1907 1004 1948; x_wconf 93' lang='lat' dir='ltr'>ne</span> <span class='ocrx_word' id='word_1_107' title='bbox 1028 1888 1169 1949; x_wconf 91' lang='lat' dir='ltr'>uerbum</span> <span class='ocrx_word' id='word_1_108' title='bbox 1183 1889 1257 1970; x_wconf 55' lang='lat' dir='ltr'>quie</span> 
     </span>
     <span class='ocr_line' id='line_1_14' title="bbox 225 2002 1257 2091; baseline 0.003 -23"><span class='ocrx_word' id='word_1_109' title='bbox 225 2005 300 2069; x_wconf 92' lang='lat' dir='ltr'>dem</span> <span class='ocrx_word' id='word_1_110' title='bbox 316 2005 384 2069; x_wconf 92' lang='lat' dir='ltr'>sola</span> <span class='ocrx_word' id='word_1_111' title='bbox 398 2003 574 2067; x_wconf 89' lang='lat' dir='ltr'>Heinsiaui</span> <span class='ocrx_word' id='word_1_112' title='bbox 596 2002 716 2066; x_wconf 91' lang='lat' dir='ltr'>codicis</span> <span class='ocrx_word' id='word_1_113' title='bbox 732 2004 925 2068; x_wconf 88' lang='lat' dir='ltr'>auctoritate</span> <span class='ocrx_word' id='word_1_114' title='bbox 947 2016 1073 2068; x_wconf 91' lang='lat' dir='ltr'>motum</span> <span class='ocrx_word' id='word_1_115' title='bbox 1096 2030 1137 2070; x_wconf 88' lang='lat' dir='ltr'>ex</span> <span class='ocrx_word' id='word_1_116' title='bbox 1159 2029 1257 2091; x_wconf 87' lang='lat' dir='ltr'>supe-</span> 
     </span>
     <span class='ocr_line' id='line_1_15' title="bbox 224 2123 1257 2209; baseline 0.004 -22"><span class='ocrx_word' id='word_1_117' title='bbox 224 2125 308 2188; x_wconf 89' lang='lat' dir='ltr'>riore</span> <span class='ocrx_word' id='word_1_118' title='bbox 321 2123 543 2208; x_wconf 83' lang='lat' dir='ltr'>recognitione</span> <span class='ocrx_word' id='word_1_119' title='bbox 559 2123 746 2186; x_wconf 88' lang='lat' dir='ltr'>mutauisse.</span> <span class='ocrx_word' id='word_1_120' title='bbox 759 2124 940 2188; x_wconf 88' lang='lat' dir='ltr'>Muellerus</span> <span class='ocrx_word' id='word_1_121' title='bbox 952 2136 1062 2190; x_wconf 87' lang='lat' dir='ltr'>autem</span> <span class='ocrx_word' id='word_1_122' title='bbox 1074 2150 1157 2209; x_wconf 92' lang='lat' dir='ltr'>quae</span> <span class='ocrx_word' id='word_1_123' title='bbox 1169 2128 1257 2191; x_wconf 91' lang='lat' dir='ltr'>eius-</span> 
     </span>
     <span class='ocr_line' id='line_1_16' title="bbox 154 2242 1345 2327; baseline 0.003 -20"><span class='ocrx_word' id='word_1_124' title='bbox 154 2296 157 2300; x_wconf 90' lang='grc'>.</span> <span class='ocrx_word' id='word_1_125' title='bbox 225 2244 300 2308; x_wconf 92' lang='lat' dir='ltr'>dem</span> <span class='ocrx_word' id='word_1_126' title='bbox 322 2245 387 2308; x_wconf 90' lang='lat' dir='ltr'>fide</span> <span class='ocrx_word' id='word_1_127' title='bbox 409 2243 485 2307; x_wconf 91' lang='lat' dir='ltr'>libri</span> <span class='ocrx_word' id='word_1_128' title='bbox 507 2242 601 2306; x_wconf 88' lang='lat' dir='ltr'>aliter</span> <span class='ocrx_word' id='word_1_129' title='bbox 624 2252 721 2325; x_wconf 92' lang='lat' dir='ltr'>atque</span> <span class='ocrx_word' id='word_1_130' title='bbox 744 2265 803 2327; x_wconf 90' lang='lat' dir='ltr'>ego</span> <span class='ocrx_word' id='word_1_131' title='bbox 827 2244 941 2322; x_wconf 86' lang='lat' dir='ltr'>edidit,</span> <span class='ocrx_word' id='word_1_132' title='bbox 965 2245 1047 2309; x_wconf 90' lang='lat' dir='ltr'>haec</span> <span class='ocrx_word' id='word_1_133' title='bbox 1069 2247 1195 2326; x_wconf 85' lang='lat' dir='ltr'>habeto,</span> <span class='ocrx_word' id='word_1_134' title='bbox 1220 2248 1256 2310; x_wconf 92' lang='lat' dir='ltr'>in</span> <span class='ocrx_word' id='word_1_135' title='bbox 1340 2295 1345 2303; x_wconf 57' lang='grc'><strong><em>,</em></strong></span> 
     </span>
     <span class='ocr_line' id='line_1_17' title="bbox 226 2363 1257 2451; baseline 0.003 -24"><span class='ocrx_word' id='word_1_136' title='bbox 226 2364 345 2447; x_wconf 87' lang='lat' dir='ltr'>quibus</span> <span class='ocrx_word' id='word_1_137' title='bbox 360 2386 412 2427; x_wconf 92' lang='lat' dir='ltr'>me</span> <span class='ocrx_word' id='word_1_138' title='bbox 432 2363 517 2427; x_wconf 92' lang='lat' dir='ltr'>nihil</span> <span class='ocrx_word' id='word_1_139' title='bbox 538 2363 791 2446; x_wconf 89' lang='lat' dir='ltr'>praetermisisse</span> <span class='ocrx_word' id='word_1_140' title='bbox 813 2375 902 2447; x_wconf 90' lang='lat' dir='ltr'>puto,</span> <span class='ocrx_word' id='word_1_141' title='bbox 920 2364 984 2428; x_wconf 90' lang='lat' dir='ltr'>nisi</span> <span class='ocrx_word' id='word_1_142' title='bbox 1006 2366 1257 2451; x_wconf 85' lang='lat' dir='ltr'>orthographica</span> 
     </span>
     <span class='ocr_line' id='line_1_18' title="bbox 227 2483 1257 2567; baseline 0.003 -20"><span class='ocrx_word' id='word_1_143' title='bbox 227 2485 388 2567; x_wconf 90' lang='lat' dir='ltr'>quaedam</span> <span class='ocrx_word' id='word_1_144' title='bbox 411 2483 549 2566; x_wconf 84' lang='lat' dir='ltr'>(inquo</span> <span class='ocrx_word' id='word_1_145' title='bbox 577 2504 696 2567; x_wconf 88' lang='lat' dir='ltr'>genere</span> <span class='ocrx_word' id='word_1_146' title='bbox 719 2483 775 2547; x_wconf 91' lang='lat' dir='ltr'>ille</span> <span class='ocrx_word' id='word_1_147' title='bbox 798 2506 817 2546; x_wconf 98' lang='lat' dir='ltr'>a</span> <span class='ocrx_word' id='word_1_148' title='bbox 839 2485 919 2548; x_wconf 88' lang='lat' dir='ltr'>meis</span> <span class='ocrx_word' id='word_1_149' title='bbox 949 2484 1090 2549; x_wconf 88' lang='lat' dir='ltr'>rationes</span> <span class='ocrx_word' id='word_1_150' title='bbox 1113 2486 1257 2550; x_wconf 88' lang='lat' dir='ltr'>diuersas</span> 
     </span>
     <span class='ocr_line' id='line_1_19' title="bbox 226 2603 1257 2687; baseline 0.001 -19"><span class='ocrx_word' id='word_1_151' title='bbox 226 2604 382 2687; x_wconf 88' lang='lat' dir='ltr'>sequitur)</span> <span class='ocrx_word' id='word_1_152' title='bbox 406 2615 466 2666; x_wconf 91' lang='lat' dir='ltr'>aut</span> <span class='ocrx_word' id='word_1_153' title='bbox 485 2603 535 2666; x_wconf 78' lang='lat' dir='ltr'>bis</span> <span class='ocrx_word' id='word_1_154' title='bbox 550 2614 583 2667; x_wconf 91' lang='lat' dir='ltr'>et</span> <span class='ocrx_word' id='word_1_155' title='bbox 603 2603 643 2666; x_wconf 78' lang='lat' dir='ltr'>iis</span> <span class='ocrx_word' id='word_1_156' title='bbox 658 2605 878 2686; x_wconf 81' lang='lat' dir='ltr'>permutata*,</span> <span class='ocrx_word' id='word_1_157' title='bbox 897 2605 1015 2687; x_wconf 91' lang='lat' dir='ltr'>quibus</span> <span class='ocrx_word' id='word_1_158' title='bbox 1030 2606 1066 2669; x_wconf 94' lang='lat' dir='ltr'>in</span> <span class='ocrx_word' id='word_1_159' title='bbox 1081 2606 1143 2669; x_wconf 84' lang='lat' dir='ltr'>hac</span> <span class='ocrx_word' id='word_1_160' title='bbox 1159 2628 1257 2670; x_wconf 84' lang='lat' dir='ltr'>causa</span> 
     </span>
    </p>
   </div>
   <div class='ocr_carea' id='block_1_3' title="bbox 225 2723 1346 2810">
    <p class='ocr_par' dir='ltr' id='par_1_3' title="bbox 225 2723 1346 2810">
     <span class='ocr_line' id='line_1_20' title="bbox 225 2723 1346 2810; baseline 0 -22"><span class='ocrx_word' id='word_1_161' title='bbox 225 2723 311 2787; x_wconf 91' lang='lat' dir='ltr'>nihil</span> <span class='ocrx_word' id='word_1_162' title='bbox 327 2723 469 2788; x_wconf 84' lang='lat' dir='ltr'>efficitur</span> <span class='ocrx_word' id='word_1_163' title='bbox 483 2745 545 2787; x_wconf 87' lang='lat' dir='ltr'>nec</span> <span class='ocrx_word' id='word_1_164' title='bbox 560 2723 629 2807; x_wconf 92' lang='lat' dir='ltr'>ipse</span> <span class='ocrx_word' id='word_1_165' title='bbox 648 2724 763 2807; x_wconf 91' lang='lat' dir='ltr'>opinor</span> <span class='ocrx_word' id='word_1_166' title='bbox 779 2724 866 2788; x_wconf 86' lang='lat' dir='ltr'>effici</span> <span class='ocrx_word' id='word_1_167' title='bbox 881 2725 1032 2788; x_wconf 91' lang='lat' dir='ltr'>uoluerit.</span> <span class='ocrx_word' id='word_1_168' title='bbox 1132 2749 1164 2810; x_wconf 94' lang='lat' dir='ltr'>p.</span> <span class='ocrx_word' id='word_1_169' title='bbox 1176 2734 1223 2804; x_wconf 87' lang='lat'>17,</span> <span class='ocrx_word' id='word_1_170' title='bbox 1237 2736 1254 2789; x_wconf 82' lang='lat'>6</span> <span class='ocrx_word' id='word_1_171' title='bbox 1344 2726 1346 2730; x_wconf 48' lang='lat'><strong><em>⁴</em></strong></span> 
     </span>
    </p>
   </div>
   <div class='ocr_carea' id='block_1_4' title="bbox 226 2843 1260 3288">
    <p class='ocr_par' dir='ltr' id='par_1_4' title="bbox 226 2843 1260 3288">
     <span class='ocr_line' id='line_1_21' title="bbox 227 2843 1257 2929; baseline 0.002 -21"><span class='ocrx_word' id='word_1_172' title='bbox 227 2845 304 2929; x_wconf 78' lang='lat' dir='ltr'>qaid</span> <span class='ocrx_word' id='word_1_173' title='bbox 331 2845 372 2908; x_wconf 79' lang='lat' dir='ltr'>sit</span> <span class='ocrx_word' id='word_1_174' title='bbox 399 2844 519 2907; x_wconf 78' lang='lat' dir='ltr'>domiai</span> <span class='ocrx_word' id='word_1_175' title='bbox 545 2851 660 2907; x_wconf 75' lang='lat' dir='ltr'>natura</span> <span class='ocrx_word' id='word_1_176' title='bbox 683 2843 845 2907; x_wconf 77' lang='lat' dir='ltr'>tributum:</span> <span class='ocrx_word' id='word_1_177' title='bbox 875 2869 895 2908; x_wconf 82' lang='lat' dir='ltr'>a</span> <span class='ocrx_word' id='word_1_178' title='bbox 916 2855 1032 2909; x_wconf 79' lang='lat' dir='ltr'>natura</span> <span class='ocrx_word' id='word_1_179' title='bbox 1054 2845 1257 2910; x_wconf 90' lang='lat' dir='ltr'>Heinsianus</span> 
     </span>
     <span class='ocr_line' id='line_1_22' title="bbox 226 2963 1260 3050; baseline 0.001 -21"><span class='ocrx_word' id='word_1_180' title='bbox 226 2964 409 3029; x_wconf 90' lang='lat' dir='ltr'>Muellerus</span> <span class='ocrx_word' id='word_1_181' title='bbox 524 2970 578 3043; x_wconf 83' lang='lat'>28,</span> <span class='ocrx_word' id='word_1_182' title='bbox 598 2971 614 3026; x_wconf 88' lang='lat'><strong>3</strong></span> <span class='ocrx_word' id='word_1_183' title='bbox 637 2963 791 3027; x_wconf 77' lang='lat' dir='ltr'>bominem</span> <span class='ocrx_word' id='word_1_184' title='bbox 814 2963 914 3027; x_wconf 75' lang='lat' dir='ltr'>erexit</span> <span class='ocrx_word' id='word_1_185' title='bbox 935 2966 980 3027; x_wconf 84' lang='lat' dir='ltr'>ad</span> <span class='ocrx_word' id='word_1_186' title='bbox 999 2966 1144 3048; x_wconf 79' lang='lat' dir='ltr'>caelique</span> <span class='ocrx_word' id='word_1_187' title='bbox 1167 2967 1260 3050; x_wconf 78' lang='lat' dir='ltr'>quasi</span> 
     </span>
     <span class='ocr_line' id='line_1_23' title="bbox 227 3084 1260 3169; baseline 0.001 -21"><span class='ocrx_word' id='word_1_188' title='bbox 227 3084 443 3169; x_wconf 65' lang='lat' dir='ltr'>cognationis.</span> <span class='ocrx_word' id='word_1_189' title='bbox 466 3093 687 3166; x_wconf 79' lang='lat' dir='ltr'>.oorrspeotam</span> <span class='ocrx_word' id='word_1_190' title='bbox 714 3084 878 3148; x_wconf 77' lang='lat' dir='ltr'>excitauit:</span> <span class='ocrx_word' id='word_1_191' title='bbox 902 3086 946 3148; x_wconf 82' lang='lat' dir='ltr'>ad</span> <span class='ocrx_word' id='word_1_192' title='bbox 966 3086 1047 3149; x_wconf 78' lang='lat' dir='ltr'>caeli</span> <span class='ocrx_word' id='word_1_193' title='bbox 1066 3088 1138 3165; x_wconf 80' lang='lat' dir='ltr'>AB3</span> <span class='ocrx_word' id='word_1_194' title='bbox 1162 3094 1194 3150; x_wconf 80' lang='lat' dir='ltr'>ct</span> <span class='ocrx_word' id='word_1_195' title='bbox 1215 3088 1260 3151; x_wconf 86' lang='lat' dir='ltr'>ad</span> 
     </span>
     <span class='ocr_line' id='line_1_24' title="bbox 227 3203 1256 3288; baseline 0.001 -20"><span class='ocrx_word' id='word_1_196' title='bbox 227 3203 308 3268; x_wconf 78' lang='lat' dir='ltr'>eceli</span> <span class='ocrx_word' id='word_1_197' title='bbox 320 3205 394 3268; x_wconf 90' lang='lat' dir='ltr'>HM</span> <span class='ocrx_word' id='word_1_198' title='bbox 509 3211 557 3282; x_wconf 83' lang='lat'>34,</span> <span class='ocrx_word' id='word_1_199' title='bbox 579 3212 616 3266; x_wconf 87' lang='grc'>14</span> <span class='ocrx_word' id='word_1_200' title='bbox 633 3204 743 3288; x_wconf 78' lang='lat' dir='ltr'>quibos</span> <span class='ocrx_word' id='word_1_201' title='bbox 764 3205 845 3268; x_wconf 78' lang='lat' dir='ltr'>enim</span> <span class='ocrx_word' id='word_1_202' title='bbox 867 3204 950 3268; x_wconf 78' lang='lat' dir='ltr'>ratio</span> <span class='ocrx_word' id='word_1_203' title='bbox 969 3207 1175 3271; x_wconf 73' lang='lat' dir='ltr'>antaradum</span> <span class='ocrx_word' id='word_1_204' title='bbox 1192 3215 1256 3270; x_wconf 79' lang='lat' dir='ltr'>eat:</span> 
     </span>
    </p>
   </div>
   <div class='ocr_carea' id='block_1_5' title="bbox 227 3408 1259 4165">
    <p class='ocr_par' dir='ltr' id='par_1_5' title="bbox 227 3408 1259 4165">
     <span class='ocr_line' id='line_1_25' title="bbox 297 3408 1258 3479; baseline 0.003 -17"><span class='ocrx_word' id='word_1_205' title='bbox 297 3410 313 3442; x_wconf 82' lang='lat'><em>*</em></span> <span class='ocrx_word' id='word_1_206' title='bbox 329 3410 363 3462; x_wconf 91' lang='lat' dir='ltr'>In</span> <span class='ocrx_word' id='word_1_207' title='bbox 376 3408 513 3463; x_wconf 90' lang='lat' dir='ltr'>scribendi</span> <span class='ocrx_word' id='word_1_208' title='bbox 531 3426 631 3478; x_wconf 89' lang='lat' dir='ltr'>genere</span> <span class='ocrx_word' id='word_1_209' title='bbox 644 3409 711 3479; x_wconf 92' lang='lat' dir='ltr'>quid</span> <span class='ocrx_word' id='word_1_210' title='bbox 729 3409 901 3464; x_wconf 85' lang='lat' dir='ltr'>auctoritatis</span> <span class='ocrx_word' id='word_1_211' title='bbox 918 3411 1019 3464; x_wconf 89' lang='lat' dir='ltr'>habeat</span> <span class='ocrx_word' id='word_1_212' title='bbox 1031 3409 1118 3464; x_wconf 85' lang='lat' dir='ltr'>codex</span> <span class='ocrx_word' id='word_1_213' title='bbox 1128 3411 1258 3466; x_wconf 89' lang='lat' dir='ltr'>Heinsia-</span> 
     </span>
     <span class='ocr_line' id='line_1_26' title="bbox 227 3493 1259 3565; baseline 0.004 -18"><span class='ocrx_word' id='word_1_214' title='bbox 227 3512 289 3560; x_wconf 87' lang='lat' dir='ltr'>nus,</span> <span class='ocrx_word' id='word_1_215' title='bbox 309 3494 356 3548; x_wconf 93' lang='lat' dir='ltr'>uel</span> <span class='ocrx_word' id='word_1_216' title='bbox 373 3493 443 3548; x_wconf 89' lang='lat' dir='ltr'>illud</span> <span class='ocrx_word' id='word_1_217' title='bbox 460 3494 562 3548; x_wconf 86' lang='lat' dir='ltr'>indicio</span> <span class='ocrx_word' id='word_1_218' title='bbox 581 3512 641 3549; x_wconf 88' lang='lat' dir='ltr'>esse</span> <span class='ocrx_word' id='word_1_219' title='bbox 658 3502 757 3565; x_wconf 91' lang='lat' dir='ltr'>potest,</span> <span class='ocrx_word' id='word_1_220' title='bbox 773 3495 855 3565; x_wconf 93' lang='lat' dir='ltr'>quod,</span> <span class='ocrx_word' id='word_1_221' title='bbox 870 3496 1011 3549; x_wconf 92' lang='lat' dir='ltr'>nominum</span> <span class='ocrx_word' id='word_1_222' title='bbox 1027 3496 1219 3550; x_wconf 88' lang='lat' dir='ltr'>terminatione</span> <span class='ocrx_word' id='word_1_223' title='bbox 1234 3498 1259 3552; x_wconf 82' lang='lat' dir='ltr'>r&#39;s</span> 
     </span>
     <span class='ocr_line' id='line_1_27' title="bbox 227 3580 1259 3652; baseline 0.005 -20"><span class='ocrx_word' id='word_1_224' title='bbox 227 3580 257 3633; x_wconf 93' lang='lat' dir='ltr'>in</span> <span class='ocrx_word' id='word_1_225' title='bbox 274 3581 417 3635; x_wconf 81' lang='lat' dir='ltr'>Vossianis</span> <span class='ocrx_word' id='word_1_226' title='bbox 436 3580 465 3634; x_wconf 93' lang='lat' dir='ltr'>in</span> <span class='ocrx_word' id='word_1_227' title='bbox 482 3599 509 3634; x_wconf 81' lang='lat' dir='ltr'>eo</span> <span class='ocrx_word' id='word_1_228' title='bbox 526 3587 645 3645; x_wconf 88' lang='lat' dir='ltr'>mutata,</span> <span class='ocrx_word' id='word_1_229' title='bbox 665 3600 691 3634; x_wconf 82' lang='lat' dir='ltr'>ea</span> <span class='ocrx_word' id='word_1_230' title='bbox 709 3581 793 3635; x_wconf 82' lang='lat' dir='ltr'>habet</span> <span class='ocrx_word' id='word_1_231' title='bbox 810 3599 924 3652; x_wconf 87' lang='lat' dir='ltr'>semper,</span> <span class='ocrx_word' id='word_1_232' title='bbox 945 3581 1024 3635; x_wconf 86' lang='lat' dir='ltr'>uelut</span> <span class='ocrx_word' id='word_1_233' title='bbox 1040 3581 1186 3652; x_wconf 88' lang='lat' dir='ltr'>quinquies</span> <span class='ocrx_word' id='word_1_234' title='bbox 1203 3601 1259 3637; x_wconf 87' lang='lat' dir='ltr'>uua</span> 
     </span>
     <span class='ocr_line' id='line_1_28' title="bbox 228 3666 1257 3738; baseline 0.003 -18"><span class='ocrx_word' id='word_1_235' title='bbox 228 3666 329 3736; x_wconf 82' lang='lat' dir='ltr'>pagina</span> <span class='ocrx_word' id='word_1_236' title='bbox 341 3669 386 3731; x_wconf 71' lang='lat'>403</span> <span class='ocrx_word' id='word_1_237' title='bbox 407 3667 456 3720; x_wconf 91' lang='lat' dir='ltr'>ubi</span> <span class='ocrx_word' id='word_1_238' title='bbox 474 3685 566 3736; x_wconf 83' lang='lat' dir='ltr'>quom,</span> <span class='ocrx_word' id='word_1_239' title='bbox 586 3667 691 3736; x_wconf 78' lang='lat' dir='ltr'>quoius,</span> <span class='ocrx_word' id='word_1_240' title='bbox 714 3668 776 3736; x_wconf 79' lang='lat' dir='ltr'>quoi</span> <span class='ocrx_word' id='word_1_241' title='bbox 793 3667 822 3720; x_wconf 92' lang='lat' dir='ltr'>in</span> <span class='ocrx_word' id='word_1_242' title='bbox 839 3674 957 3738; x_wconf 89' lang='lat' dir='ltr'>utroque</span> <span class='ocrx_word' id='word_1_243' title='bbox 975 3667 1069 3721; x_wconf 88' lang='lat' dir='ltr'>autin</span> <span class='ocrx_word' id='word_1_244' title='bbox 1090 3666 1176 3722; x_wconf 87' lang='lat' dir='ltr'>altero</span> <span class='ocrx_word' id='word_1_245' title='bbox 1195 3676 1257 3723; x_wconf 88' lang='lat' dir='ltr'>utro</span> 
     </span>
     <span class='ocr_line' id='line_1_29' title="bbox 227 3751 1251 3823; baseline 0.003 -19"><span class='ocrx_word' id='word_1_246' title='bbox 227 3752 363 3806; x_wconf 88' lang='lat' dir='ltr'>Vossiano</span> <span class='ocrx_word' id='word_1_247' title='bbox 382 3752 513 3822; x_wconf 90' lang='lat' dir='ltr'>scriptum</span> <span class='ocrx_word' id='word_1_248' title='bbox 531 3758 581 3816; x_wconf 88' lang='lat' dir='ltr'>est,</span> <span class='ocrx_word' id='word_1_249' title='bbox 599 3769 685 3822; x_wconf 86' lang='lat' dir='ltr'>paene</span> <span class='ocrx_word' id='word_1_250' title='bbox 699 3770 883 3823; x_wconf 75' lang='lat' dir='ltr'>sempeterna,</span> <span class='ocrx_word' id='word_1_251' title='bbox 899 3753 983 3817; x_wconf 78' lang='lat' dir='ltr'>ouius,</span> <span class='ocrx_word' id='word_1_252' title='bbox 997 3753 1042 3806; x_wconf 77' lang='lat' dir='ltr'>coi</span> <span class='ocrx_word' id='word_1_253' title='bbox 1054 3751 1173 3808; x_wconf 84' lang='lat' dir='ltr'>exhibet.</span> <span class='ocrx_word' id='word_1_254' title='bbox 1197 3772 1251 3808; x_wconf 89' lang='lat' dir='ltr'>eurr</span> 
     </span>
     <span class='ocr_line' id='line_1_30' title="bbox 228 3836 1256 3909; baseline 0.004 -21"><span class='ocrx_word' id='word_1_255' title='bbox 228 3837 314 3906; x_wconf 87' lang='lat' dir='ltr'>igitur</span> <span class='ocrx_word' id='word_1_256' title='bbox 331 3845 430 3892; x_wconf 88' lang='lat' dir='ltr'>testem</span> <span class='ocrx_word' id='word_1_257' title='bbox 447 3836 620 3891; x_wconf 89' lang='lat' dir='ltr'>consulemus</span> <span class='ocrx_word' id='word_1_258' title='bbox 632 3837 762 3892; x_wconf 87' lang='lat' dir='ltr'>nimirum</span> <span class='ocrx_word' id='word_1_259' title='bbox 773 3838 821 3892; x_wconf 92' lang='lat' dir='ltr'>ubi</span> <span class='ocrx_word' id='word_1_260' title='bbox 835 3840 869 3892; x_wconf 89' lang='lat' dir='ltr'>de</span> <span class='ocrx_word' id='word_1_261' title='bbox 881 3838 971 3909; x_wconf 86' lang='lat' dir='ltr'>priseo</span> <span class='ocrx_word' id='word_1_262' title='bbox 990 3856 1114 3892; x_wconf 88' lang='lat' dir='ltr'>sermone</span> <span class='ocrx_word' id='word_1_263' title='bbox 1125 3838 1154 3891; x_wconf 90' lang='lat' dir='ltr'>in</span> <span class='ocrx_word' id='word_1_264' title='bbox 1165 3838 1256 3908; x_wconf 83' lang='lat' dir='ltr'>legum</span> 
     </span>
     <span class='ocr_line' id='line_1_31' title="bbox 227 3922 1253 3995; baseline 0.004 -19"><span class='ocrx_word' id='word_1_265' title='bbox 227 3922 329 3976; x_wconf 84' lang='lat' dir='ltr'>tabulis</span> <span class='ocrx_word' id='word_1_266' title='bbox 347 3923 517 3978; x_wconf 87' lang='lat' dir='ltr'>restituendo</span> <span class='ocrx_word' id='word_1_267' title='bbox 530 3923 630 3992; x_wconf 87' lang='lat' dir='ltr'>agitur.</span> <span class='ocrx_word' id='word_1_268' title='bbox 642 3924 684 3978; x_wconf 77' lang='lat' dir='ltr'>Iris</span> <span class='ocrx_word' id='word_1_269' title='bbox 701 3942 751 3995; x_wconf 91' lang='lat' dir='ltr'>pro</span> <span class='ocrx_word' id='word_1_270' title='bbox 769 3924 793 3977; x_wconf 78' lang='lat' dir='ltr'>ie</span> <span class='ocrx_word' id='word_1_271' title='bbox 810 3923 857 3977; x_wconf 92' lang='lat' dir='ltr'>uel</span> <span class='ocrx_word' id='word_1_272' title='bbox 874 3925 908 3979; x_wconf 76' lang='lat' dir='ltr'>iis</span> <span class='ocrx_word' id='word_1_273' title='bbox 924 3931 981 3978; x_wconf 91' lang='lat' dir='ltr'>tam</span> <span class='ocrx_word' id='word_1_274' title='bbox 1000 3941 1081 3994; x_wconf 82' lang='lat' dir='ltr'>saepe</span> <span class='ocrx_word' id='word_1_275' title='bbox 1093 3924 1164 3978; x_wconf 83' lang='lat' dir='ltr'>falso</span> <span class='ocrx_word' id='word_1_276' title='bbox 1177 3943 1253 3995; x_wconf 67' lang='lat' dir='ltr'>quar</span> 
     </span>
     <span class='ocr_line' id='line_1_32' title="bbox 228 4008 1239 4080; baseline 0.001 -19"><span class='ocrx_word' id='word_1_277' title='bbox 228 4015 301 4063; x_wconf 89' lang='lat' dir='ltr'>recte</span> <span class='ocrx_word' id='word_1_278' title='bbox 320 4009 452 4080; x_wconf 89' lang='lat' dir='ltr'>scriptum</span> <span class='ocrx_word' id='word_1_279' title='bbox 469 4016 512 4063; x_wconf 90' lang='lat' dir='ltr'>est</span> <span class='ocrx_word' id='word_1_280' title='bbox 528 4009 557 4062; x_wconf 90' lang='lat' dir='ltr'>in</span> <span class='ocrx_word' id='word_1_281' title='bbox 567 4008 736 4063; x_wconf 81' lang='lat' dir='ltr'>Heinsianor</span> <span class='ocrx_word' id='word_1_282' title='bbox 751 4016 845 4080; x_wconf 85' lang='lat' dir='ltr'>operte</span> <span class='ocrx_word' id='word_1_283' title='bbox 856 4009 927 4064; x_wconf 85' lang='lat' dir='ltr'>falso</span> <span class='ocrx_word' id='word_1_284' title='bbox 940 4009 1019 4063; x_wconf 89' lang='lat' dir='ltr'>uelut</span> <span class='ocrx_word' id='word_1_285' title='bbox 1029 4027 1057 4080; x_wconf 91' lang='lat' dir='ltr'>p.</span> <span class='ocrx_word' id='word_1_286' title='bbox 1072 4012 1113 4076; x_wconf 88' lang='grc'>89,</span> <span class='ocrx_word' id='word_1_287' title='bbox 1129 4013 1154 4064; x_wconf 87' lang='grc'>9.</span> <span class='ocrx_word' id='word_1_288' title='bbox 1174 4015 1239 4076; x_wconf 70' lang='lat'>52,2.</span> 
     </span>
     <span class='ocr_line' id='line_1_33' title="bbox 230 4093 1243 4165; baseline 0.007 -22"><span class='ocrx_word' id='word_1_289' title='bbox 230 4094 288 4158; x_wconf 84' lang='lat'>133,</span> <span class='ocrx_word' id='word_1_290' title='bbox 304 4097 333 4159; x_wconf 80' lang='lat'>7;</span> <span class='ocrx_word' id='word_1_291' title='bbox 348 4102 423 4149; x_wconf 88' lang='lat' dir='ltr'>recte</span> <span class='ocrx_word' id='word_1_292' title='bbox 433 4113 460 4165; x_wconf 91' lang='lat' dir='ltr'>p.</span> <span class='ocrx_word' id='word_1_293' title='bbox 475 4097 517 4159; x_wconf 85' lang='lat'>88,</span> <span class='ocrx_word' id='word_1_294' title='bbox 532 4097 556 4159; x_wconf 84' lang='lat'>2,</span> <span class='ocrx_word' id='word_1_295' title='bbox 571 4111 657 4148; x_wconf 72' lang='lat' dir='ltr'>neonc</span> <span class='ocrx_word' id='word_1_296' title='bbox 672 4093 710 4132; x_wconf 68' lang='grc' dir='ltr'>Μ’</span> <span class='ocrx_word' id='word_1_297' title='bbox 733 4093 839 4149; x_wconf 63' lang='lat' dir='ltr'>*lle-um</span> <span class='ocrx_word' id='word_1_298' title='bbox 851 4096 938 4164; x_wconf 78' lang='lat' dir='ltr'>probo</span> <span class='ocrx_word' id='word_1_299' title='bbox 951 4113 968 4140; x_wconf 79' lang='lat' dir='ltr'>r</span> <span class='ocrx_word' id='word_1_300' title='bbox 990 4098 1024 4146; x_wconf 76' lang='grc' dir='ltr'>ΔΟ</span> <span class='ocrx_word' id='word_1_301' title='bbox 1044 4099 1059 4124; x_wconf 79' lang='grc'>“’</span> <span class='ocrx_word' id='word_1_302' title='bbox 1074 4096 1105 4131; x_wconf 62' lang='lat'>²⁴³¹</span> <span class='ocrx_word' id='word_1_303' title='bbox 1127 4114 1158 4136; x_wconf 67' lang='lat' dir='ltr'>ev</span> <span class='ocrx_word' id='word_1_304' title='bbox 1171 4096 1243 4150; x_wconf 55' lang='grc' dir='ltr'>Πρὶν</span> 
     </span>
    </p>
   </div>
   <div class='ocr_carea' id='block_1_6' title="bbox 229 4178 577 4232">
    <p class='ocr_par' dir='ltr' id='par_1_6' title="bbox 229 4178 577 4232">
     <span class='ocr_line' id='line_1_34' title="bbox 229 4178 577 4232; baseline 0.052 -28"><span class='ocrx_word' id='word_1_305' title='bbox 229 4178 301 4232; x_wconf 63' lang='lat' dir='ltr'>‘ilar&#39;</span> <span class='ocrx_word' id='word_1_306' title='bbox 333 4178 383 4220; x_wconf 66' lang='lat' dir='ltr'>mlo</span> <span class='ocrx_word' id='word_1_307' title='bbox 402 4180 577 4228; x_wconf 60' lang='lat' dir='ltr'>vnninimni’om</span> 
     </span>
    </p>
   </div>
   <div class='ocr_carea' id='block_1_7' title="bbox 0 0 1528 4876">
    <p class='ocr_par' dir='ltr' id='par_1_7' title="bbox 0 0 1528 4876">
     <span class='ocr_line' id='line_1_35' title="bbox 0 0 1528 4876; baseline 0 0"><span class='ocrx_word' id='word_1_308' title='bbox 0 0 1528 4876; x_wconf 95' lang='lat' dir='ltr'> </span> 
     </span>
    </p>
   </div>
  </div>
 </body>
</html>
