2940 4890
332 387 373 446 22
763 386 817 448 17,
839 385 940 436 21-23

332 556 463 634 didisse,
484 555 520 618 in
536 578 600 639 quo
622 556 751 639 scripsit
772 549 867 618 ‘nihil
891 577 1003 620 curare
1027 557 1126 619 deum
1147 577 1209 618 nec
1232 556 1285 618 sui
1308 577 1375 619 nec

333 655 456 725 alieni’

398 766 551 827 Arncvs.
581 763 694 846 Perge,
713 783 846 845 quaeso:
870 783 949 824 narn
968 761 1011 840 id,
1030 763 1118 845 quod
1133 761 1194 825 tibi
1210 761 1371 839 concessi,
1385 768 1441 840 22,

334 888 471 949 quorsus
493 867 657 949 pertineat
679 877 825 948 expecto.

300 984 314 1023 5
397 970 549 1032 Mlucvs.
586 968 664 1031 Non
690 967 812 1030 faciam
838 967 982 1052 longius,
1012 967 1078 1031 huc
1102 968 1191 1031 enim
1212 966 1370 1050 pertinet,

332 1071 455 1134 animal
470 1071 532 1135 hoc
547 1070 733 1154 prouidum,
750 1092 857 1154 sagax,
875 1071 1057 1154 multiplex,
1072 1081 1215 1147 acutum,
1232 1092 1370 1148 memor,

332 1177 469 1258 plenum
495 1173 631 1237 rationis
654 1183 686 1236 et
708 1172 846 1250 consilii,
877 1196 976 1257 quem
1002 1195 1160 1238 uocamus
1186 1173 1369 1252 hominem,

331 1279 499 1361 praeclara
516 1278 657 1360 quadam
672 1276 865 1339 condicione
880 1288 1073 1360 generatum
1088 1298 1157 1339 esse
1177 1298 1195 1338 a
1214 1297 1372 1360 supremo

333 1382 403 1445 deo.
432 1382 539 1444 solum
561 1390 610 1443 est
632 1378 722 1441 enim
744 1401 785 1441 ex
807 1390 856 1442 tot
878 1379 1097 1442 animantium
1119 1380 1295 1463 generibus
1319 1391 1372 1442 at-

289 1498 314 1539 10
333 1506 396 1566 que
418 1483 545 1546 naturis
567 1482 730 1564 particeps
752 1482 887 1544 rationis
910 1493 942 1545 et
965 1482 1179 1567 cogitationis,
1197 1504 1298 1565 quom
1315 1505 1373 1546 cc-

331 1597 401 1649 tera
428 1586 495 1649 sint
516 1584 627 1648 omnia
649 1584 804 1667 expertia.
834 1584 914 1666 quid
941 1596 990 1648 est
1016 1596 1135 1665 autem,
1164 1607 1233 1649 non
1258 1586 1371 1650 dicam

331 1688 368 1751 in
396 1688 530 1752 homine
558 1686 615 1750 scd
640 1686 677 1749 in
700 1686 790 1750 omni
813 1689 902 1751 caelo
926 1699 1024 1770 atque
1046 1699 1140 1767 terra,
1165 1689 1292 1753 ratione
1317 1689 1371 1752 dii

332 1791 466 1854 uiniuss
492 1812 576 1874 quae
599 1811 699 1871 quom
721 1790 866 1854 adoleuit
888 1802 986 1873 atque
1008 1791 1154 1874 perfecta
1175 1803 1232 1870 est,
1257 1780 1379 1855 nomi-¹

331 1905 430 1957 natur
445 1892 506 1955 rite
521 1891 690 1975 sapientia.
707 1904 756 1956 est
769 1893 878 1977 igitur,
897 1894 1053 1977 quoniam
1067 1894 1152 1958 nihil
1173 1905 1222 1958 est
1240 1895 1371 1959 ratione
1383 1901 1423 1958 23

331 2181 401 2253 pulh
424 2184 476 2248 (sic)
498 2185 534 2237 H
548 2190 631 2254 caput
647 2183 703 2236 uiri
720 2183 807 2236 Aldus
825 2201 907 2253 nepos
1029 2187 1040 2236 1
1062 2184 1186 2255 scripsit]
1199 2181 1372 2255 ‘Epicurum

331 2286 386 2321 non
403 2269 562 2333 nominauit,
583 2270 655 2339 quod
672 2270 739 2322 satas
757 2269 849 2322 Attico
867 2273 947 2321 notus
964 2275 1032 2322 esset
1051 2276 1147 2324 auctor
1164 2272 1321 2337 renuntias,
1342 2279 1370 2326 es

332 2372 392 2407 cum
409 2354 481 2407 iuter
499 2373 526 2408 ee
544 2356 681 2424 Epicurei
696 2354 767 2408 dixit
784 2354 923 2417 dicebant,
946 2373 997 2423 per
1014 2357 1197 2409 excellentiam
1215 2358 1371 2427 Epicurum

333 2438 540 2511 intelliqebant?
560 2440 707 2494 Turnebus.
727 2440 806 2508 Cous.
826 2440 905 2493 Ture.
921 2442 944 2504 1,
961 2442 1002 2503 14,
1018 2442 1048 2491 31
1063 2439 1137 2494 Serit
1154 2444 1275 2508 arbores,
1295 2461 1371 2514 quae

331 2523 410 2579 elteri
429 2525 539 2580 saeculo
556 2525 679 2597 prosint,
705 2533 737 2578 ut
754 2524 794 2578 ait
811 2525 841 2576 in
859 2523 1045 2595 Synephebis,
1066 2545 1142 2596 quem
1159 2530 1249 2582 locum
1266 2531 1370 2584 doetis-

331 2611 395 2663 sime'
412 2612 522 2680 quidam
540 2611 670 2682 pluresue
686 2611 773 2663 modis
791 2611 991 2679 irrterpolaruut
1111 2630 1146 2666 ne
1170 2613 1211 2667 sur
1228 2616 1257 2667 A

331 2696 346 2746 3
364 2695 447 2765 queso
465 2699 493 2750 A
592 2695 733 2768 quionam
750 2698 778 2750 Β
875 2695 904 2748 rd
926 2695 952 2760 (d
970 2715 1033 2749 corr
1051 2716 1083 2750 ese
1100 2704 1121 2762 e}
1144 2701 1173 2752 B
1271 2703 1369 2755 scur-

331 2780 378 2834 sus
392 2799 455 2834 corr
472 2781 589 2851 quorsus
602 2784 631 2836 Β
746 2784 762 2834 6
780 2779 863 2849 sagax
882 2799 913 2834 er
934 2785 960 2844 (x
978 2800 1009 2835 er
1026 2782 1056 2834 ιἰι
1073 2802 1120 2836 ros
1138 2789 1207 2850 corr)
1229 2787 1266 2839 H

332 2869 346 2916 7
365 2865 484 2934 eonsrhrs
498 2869 530 2941 Β
638 2868 653 2919 8
672 2865 832 2921 conditione
848 2869 905 2920 AB
923 2867 1083 2921 condrcrone
1099 2869 1137 2921 H
1242 2873 1369 2926 Laetam

330 2951 385 3004 tius
402 2951 473 3006 Inst.
494 2952 550 3004 diu.
572 2954 597 3016 4,
618 2953 643 3016 4,
664 2954 679 3004 6
696 2951 737 3004 Μ.
750 2949 868 3016 Tullius,
882 2951 930 3020 qui
947 2952 1051 3006 fatetur
1067 2952 1207 3008 hominem
1223 2956 1369 3026 praeclara

330 3036 449 3106 quadam
466 3036 626 3090 condicione
643 3055 661 3089 a
678 3054 783 3089 summo
806 3041 947 3106 (supremo)
967 3037 1019 3091 deo
1038 3056 1098 3092 esse
1116 3048 1285 3109 generatum.
1306 3044 1370 3095 Ibi-

329 3123 389 3174 dem
410 3125 437 3185 1,
457 3124 488 3184 5,
508 3124 541 3173 24
560 3121 860 3190 Cicero..srequenter
881 3121 964 3176 deum
986 3123 1131 3179 confitetur
1153 3142 1184 3179 ac
1207 3143 1368 3197 supremum

330 3214 413 3258 uocat
430 3206 459 3258 in
476 3205 512 3260 iis
528 3205 618 3270 libris,
633 3223 702 3274 quos
720 3205 754 3259 de
771 3205 881 3275 legibus
899 3207 1018 3278 scripsit.
1118 3213 1134 3262 9
1152 3210 1331 3287 generalibus
1338 3213 1369 3264 B

436 3309 467 3359 10
486 3315 513 3361 et
531 3306 707 3376 cogitationis
726 3308 816 3360 arrisit
833 3310 861 3362 B
878 3309 904 3361 st
922 3325 983 3378 cogi
995 3310 1137 3378 {lranoms
1151 3316 1179 3365 A
1196 3315 1244 3367 sed
1259 3315 1285 3368 dr
1303 3332 1368 3385 cogi

330 3409 359 3462 iu
376 3414 493 3462 extremo
507 3409 614 3478 popius
630 3408 715 3461 lituro
735 3426 797 3462 corr
894 3386 975 3479 dudm
986 3413 1014 3465 Β
1031 3429 1093 3466 cum
1108 3416 1144 3469 Η
1157 3432 1228 3484 quor
1215 3415 1271 3470 A
1289 3417 1369 3520 serlo*
1352 3437 1368 3472 r

330 3513 360 3566 iu
378 3511 464 3564 litura
482 3528 545 3564 corr·
660 3528 753 3564 cetera
776 3516 800 3575 (a
817 3530 878 3564 corr·
895 3513 925 3563 ιἰι
943 3531 1047 3566 rastas
1069 3519 1097 3568 A
1214 3521 1243 3570 ll
1270 3537 1368 3618 expar

330 3614 372 3651 ora
390 3598 418 3650 Β
521 3596 683 3648 Laclantius
701 3597 769 3648 Iust.
791 3596 847 3648 diu
868 3598 892 3660 2,
915 3599 955 3660 ll,
978 3600 1007 3649 15
1026 3598 1110 3658 Quod
1127 3601 1225 3657 Cicero
1238 3606 1369 3674 quamuis

331 3698 430 3780 expers
453 3679 612 3734 caelestium
632 3679 788 3734 litterarum
809 3678 882 3734 uidit
902 3688 1008 3747 tumen,
1028 3684 1076 3754 qui
1098 3685 1172 3741 libro
1196 3689 1232 3743 de
1254 3689 1369 3761 legibus

330 3767 419 3839 primo
441 3766 493 3820 hoc
517 3764 590 3818 idem
613 3764 728 3819 tradidit
750 3764 825 3834 quod
846 3766 1010 3836 prophetae,
1036 3770 1116 3826 cuius
1137 3775 1224 3828 uerba
1247 3776 1365 3830 subieci.

325 3850 441 3907 ‘animal
463 3851 515 3905 hoc
533 3849 865 3922 prouidum··omuia
884 3851 1027 3920 expertia?
1164 3859 1272 3914 estred
1290 3861 1368 3916 scen

329 3974 376 4010 ros
399 3973 458 4010 corr
474 3955 510 4008 H
606 3927 769 4006 12d1u1ni1s
784 3955 811 4004 s
912 3955 942 4003 13
960 3970 1042 4023 quom
1060 3960 1088 4008 A
1111 3976 1174 4013 curn
1192 3965 1248 4016 Η
1325 3964 1369 4019 ‹h-

329 4030 546 4137 urm„usquequo
546 4030 711 4125 nedoleurc
728 4069 746 4118 p
763 4059 788 4107 et
805 4059 892 4107 cetera
911 4056 988 4124 cipue
1005 4075 1019 4108 e
1036 4064 1103 4112 corr*
1127 4064 1156 4115 B
1246 4068 1369 4122 Ladan.

330 4163 384 4216 tr'us
402 4164 472 4216 Iust.
495 4160 552 4214 dire.
567 4159 592 4224 3,
609 4160 649 4222 10,
664 4159 680 4210 6
699 4163 726 4210 et
744 4154 808 4225 quis
826 4153 855 4207 in
873 4154 982 4209 homine
1000 4159 1071 4213 ratio
1089 4160 1150 4231 ipss
1167 4167 1293 4234 perfecta
1311 4178 1365 4237 est,
