3030 4876
241 426 289 469 xfl
542 416 703 456 PRAEFATIO
721 416 820 456 NOVAE
837 416 984 458 nnmouls

242 576 378 662 gnantia
399 574 539 639 scribere
562 577 705 659 potuisse
722 598 798 638 cum
814 577 1048 641 obtrectatione
1064 578 1179 642 aliena.
1196 603 1278 644 nam

242 698 329 781 quod
351 719 403 760 me
426 718 497 760 raro
520 696 696 759 Heinsiani
719 697 839 760 codicis
861 698 1062 762 mentionem
1085 699 1199 762 fecisse
1221 701 1277 764 in-

240 818 381 895 simulat,
407 839 470 900 quo
493 816 564 879 iure
586 815 834 894 insimulauerit,
860 818 914 880 uel
937 840 1027 881 nunc
1043 820 1100 902 qui
1122 821 1212 884 uolet
1233 844 1276 884 ex

240 938 301 1000 hac
324 959 412 1000 noua
436 937 579 1001 editione
602 936 690 998 facili
713 958 810 1019 opera
832 959 1025 1021 cognoscere
1047 950 1167 1023 potest;
1189 963 1275 1024 quae

240 1058 329 1122 enim
359 1057 452 1136 olim,
478 1057 517 1121 iis
546 1056 726 1120 rationibus
755 1057 873 1120 ductus
899 1079 979 1140 quas
1005 1059 1041 1120 in
1070 1060 1274 1142 praefatione

241 1182 281 1263 (p.
298 1183 342 1261 rv)
360 1177 513 1255 dixeram,
531 1177 651 1240 selecta
673 1198 714 1238 ex
735 1176 799 1238 1100
822 1177 932 1241 0011100
950 1178 1121 1242 Heinsiuui
1138 1182 1272 1245 nomine

239 1300 422 1376 attuleram,
447 1298 570 1360 intacta
592 1296 718 1380 reliqui,
743 1297 861 1361 additis
884 1298 979 1362 nouis
994 1301 1037 1361 H
1048 1299 1191 1363 litteram
1213 1324 1272 1385 ap-

239 1420 349 1504 pinxi,
375 1418 556 1482 differentia
582 1417 719 1481 notandi
742 1439 818 1479 cum
841 1439 913 1481 meo
936 1420 1077 1501 quodam
1101 1423 1271 1486 commodo

165 1522 168 1525 Δ
239 1539 386 1617 0111111000,
404 1539 570 1602 utentium
592 1549 702 1601 autem
718 1537 833 1620 opinor
848 1537 1054 1602 incommodo
1069 1541 1171 1618 nullo,
1189 1565 1271 1625 quo-

238 1661 329 1723 niam
351 1679 442 1721 nunc
463 1658 552 1721 idem
574 1659 613 1720 de
628 1657 812 1721 Heinsiano
834 1657 917 1720 libro
939 1660 1026 1741 quod
1050 1661 1089 1722 de
1104 1662 1272 1726 Vossianis

239 1781 349 1842 ualere
365 1780 449 1856 uolo,
467 1789 505 1841 ut
519 1777 624 1841 sicubi
646 1777 730 1840 nihil
753 1778 794 1841 de
817 1800 854 1840 eo
877 1789 1032 1841 testatum
1048 1780 1176 1863 legatur
1192 1804 1271 1845 con-

239 1899 360 1983 spirare
384 1921 460 1962 cum
482 1909 576 1962 textu
598 1897 810 1960 existimetur.
828 1920 926 1979 quam
948 1901 1128 1983 scripturae
1149 1901 1271 1966 discre-

237 2019 385 2103 pantiam
397 2019 453 2102 qui
465 2017 622 2082 attentius
635 2017 843 2101 perspexerit,
855 2017 1024 2103 intelliget,
1039 2043 1100 2083 nec
1113 2043 1183 2084 raro
1200 2023 1272 2087 eius

240 2140 441 2204 mentionem
463 2139 583 2202 factam
606 2149 639 2201 et
661 2137 720 2200 nix
742 2159 761 2199 0
783 2160 835 2201 me
859 2138 1034 2222 quicquam
1062 2140 1156 2219 olim,
1183 2145 1272 2225 quod

238 2260 371 2344 quidem
400 2260 512 2322 afferre
542 2257 648 2342 potui,
674 2258 761 2340 quod
787 2257 862 2320 usui
885 2270 980 2336 esset,
1005 2263 1271 2342 praetermissum

238 2404 321 2460 esse,
346 2402 436 2443 nunc
466 2378 637 2442 inutilium
659 2378 744 2440 mole
767 2377 1002 2460 scripturarum
1024 2381 1270 2446 adnotationem

235 2502 414 2586 spissatum,
432 2499 550 2583 quibus
573 2498 657 2561 nihil
681 2497 830 2576 efficitur,
847 2498 911 2562 nisi
927 2500 1014 2581 quod
1036 2500 1169 2564 aliunde
1189 2525 1269 2566 con—

236 2625 356 2699 stabat,
380 2622 471 2684 hunc
499 2620 621 2683 librum
651 2621 691 2682 ab
720 2618 833 2681 eadem
856 2641 933 2681 cum
954 2620 1120 2683 Vossianis
1143 2623 1269 2706 origine

237 2742 341 2826 repeti
364 2763 542 2824 eorumque
564 2740 672 2817 fidem,
697 2738 754 2801 ubi
777 2738 963 2802 testimonia
984 2740 1020 2802 in
1042 2741 1120 2823 ipsis
1142 2742 1269 2826 perspi-

237 2883 297 2925 cue
324 2861 445 2945 scripto
473 2883 580 2943 neque
610 2860 754 2922 radendo
784 2858 902 2922 detrita
932 2871 1023 2938 sunt,
1054 2884 1172 2945 augere
1200 2887 1268 2927 non

235 3003 337 3065 posse.
362 3003 469 3064 neque
492 2981 650 3045 sincerius
664 2979 845 3044 Muellerus
868 3000 919 3041 me
936 3002 1018 3061 quae
1042 2982 1144 3044 codex
1160 2983 1269 3046 Hein-

236 3101 347 3165 sianus
361 3101 492 3185 propria
506 3102 626 3164 habeat
646 3098 816 3164 scribentis
838 3097 970 3161 arbitrio
989 3113 1132 3163 correcta
1148 3102 1268 3167 dixisse

235 3221 371 3304 scripsit.
394 3222 476 3284 haec
494 3221 583 3284 enim
607 3241 665 3304 ego
682 3221 722 3282 de
744 3239 817 3281 meo
838 3217 938 3280 huius
961 3217 1035 3281 libri
1059 3243 1120 3284 usu
1143 3224 1268 3305 profes-

235 3365 289 3407 sus
306 3326 400 3405 cram
423 3341 458 3404 in
481 3339 681 3424 praefatione
699 3339 872 3423 (p.1v)scd
891 3345 964 3400 suut
986 3338 1078 3402 etiam
1101 3342 1176 3422 loci,
1196 3345 1268 3427 qui-

171 3506 175 3523 .
236 3463 291 3526 bus
307 3461 448 3526 neutrius
464 3459 578 3523 codicis
596 3458 773 3542 [Vossioui]
791 3458 963 3521 testimonio
982 3459 1150 3540 primitiuu
1165 3464 1269 3545 scrip-

236 3591 308 3647 turo
331 3589 459 3646 constet.
492 3579 538 3643 ibi
558 3579 591 3641 iu
613 3577 786 3641 subsidium
801 3576 987 3641 recensionis
1002 3580 1097 3641 001100
1112 3581 1268 3646 Heinsio-

234 3725 292 3767 uus
308 3701 462 3782 succedit,
481 3700 535 3785 qui
549 3698 582 3762 iu
591 3696 741 3781 plurimis
757 3718 826 3760 eum
847 3697 1007 3761 Vossianis
1021 3701 1183 3776 consentit,
1202 3703 1269 3767 ulio

234 3823 366 3888 arbitrio
389 3828 529 3886 correcta
551 3818 658 3895 habet,
683 3818 739 3881 sud
758 3816 909 3880 nonnullo
926 3825 1022 3895 terret,
1048 3842 1127 3902 quoe
1149 3844 1164 3883 0
1184 3845 1267 3885 com-

234 3943 323 4006 muni
332 3944 431 4028 fonte
452 3948 539 4020 reatu,
565 3937 685 4023 siquid
706 3934 904 4001 obscuritatis
927 3943 973 4000 est
994 3938 1170 4020 scripturae
1185 3942 1219 4004 iu
1235 3947 1267 4004 A

234 4072 290 4127 out
303 4063 347 4144 B,
365 4061 519 4126 commodo
542 4059 715 4125 illustrant.
741 4057 821 4121 tuuc
837 4077 893 4139 090
917 4076 978 4119 nou
1000 4056 1069 4119 uidi
1088 4061 1144 4122 sed
1164 4061 1267 4144 serip-

238 4192 334 4264 turus,
362 4203 439 4268 quos
461 4179 572 4262 attuli,
597 4202 635 4243 er
656 4176 786 4244 Halmii
806 4177 1036 4240 corumcutoriis
1052 4181 1152 4260 petii,
1172 4183 1269 4262 posui
