3030 4876
690 345 755 407 111‚
777 346 862 398 i-a
1250 350 1289 410 71

261 514 336 592 rim,
369 514 479 577 satiari
507 537 574 578 non
604 538 700 599 queo,
732 517 985 602 magnificasque
1015 516 1110 581 uillas
1138 530 1171 582 et
1196 521 1292 603 paui-

261 628 372 681 menta
399 639 579 682 marmorea
608 630 641 683 et
668 621 819 704 laqueata
848 631 934 683 tecta
961 632 1148 700 contemno;
1173 623 1291 687 ductus

261 743 339 784 uero
362 743 529 804 aquarum,
555 744 635 805 quos
657 723 711 787 isti
732 723 827 787 Nilos
849 734 882 786 et
903 723 1042 807 Euripos
1066 737 1193 803 uocant,
1219 727 1291 809 quis

259 846 336 903 non,
367 847 444 888 cuin
469 825 550 889 haee
582 827 700 904 uideat,
730 827 893 890 inriserit?
921 829 1039 910 itaque,
1072 840 1110 892 ut
1132 839 1169 892 tu
1192 830 1291 913 paulo

259 938 337 991 ante
353 929 392 991 de
408 929 478 1013 lege
501 930 596 992 etde
619 929 689 992 iure
713 930 872 993 disserens
895 931 936 993 ad
959 941 1109 994 naturam
1131 930 1291 996 referebas
1319 956 1335 995 '5

259 1030 380 1109 omnia,
405 1032 451 1094 sic
474 1033 510 1094 in
531 1031 583 1094 bis
605 1031 684 1116 ipsis
707 1035 810 1110 rebus,
836 1055 918 1116 quae
939 1034 980 1096 ad
995 1033 1174 1117 requietem
1190 1033 1292 1098 animi

260 1134 575 1218 delectationemque
606 1147 823 1218 quaeruntur,
856 1147 973 1203 natura
1003 1126 1197 1199 dominatur.
1228 1160 1292 1221 qqa

261 1259 296 1299 re
324 1247 420 1300 antea
448 1239 594 1316 mirabar,
623 1239 708 1302 nihil
730 1240 820 1302 enim
841 1240 892 1302 his
914 1239 950 1301 in
972 1238 1051 1302 locis
1074 1238 1137 1302 nisi
1160 1261 1237 1302 saxa
1259 1252 1292 1304 et

261 1351 388 1403 montes
412 1341 594 1426 cogitabam
616 1341 726 1424 itaque
748 1353 786 1405 ut
807 1343 949 1422 facerem
972 1352 1005 1404 et
1019 1342 1220 1406 orationibus
1239 1344 1292 1405 in,

260 1443 405 1531 ducebarv
427 1444 492 1507 tuis
514 1455 547 1508 et
569 1446 725 1522 uersibua
750 1446 807 1509 sed
829 1431 978 1523 mirabar,
1002 1456 1041 1509 ut
1062 1445 1139 1522 dixi,
1170 1455 1201 1509 te
1224 1456 1291 1509 tam
1311 1469 1335 1509 io

261 1547 358 1610 ualde
387 1546 449 1609 hoc
479 1547 551 1610 loco
581 1549 750 1612 delectari:
781 1570 871 1611 nunc
894 1558 1007 1611 contra
1029 1548 1128 1612 miror
1150 1559 1190 1627 te,
1216 1570 1292 1611 cuni

261 1650 367 1712 Roma
389 1649 482 1727 absis,
507 1674 646 1735 usquam
668 1651 776 1735 potius
799 1673 876 1714 esse.

216 1759 239 1814 3
326 1755 476 1818 Mnaovs.
514 1755 583 1838 Ego
612 1747 697 1833 iiero,
730 1777 807 1817 cuin
833 1755 911 1818 lioet
940 1754 1043 1838 pluris
1072 1754 1140 1818 dies
1171 1756 1289 1832 abesse,

262 1857 452 1940 praesertim
479 1857 541 1920 hoc
564 1868 709 1941 tempore
733 1858 819 1936 anni,
845 1869 878 1921 et
899 1856 1131 1920 amoenitatem
1153 1858 1239 1921 hane
1262 1867 1293 1921 et

262 1959 486 2023 salubritatem
508 1960 614 2044 [lianc]
638 1983 761 2044 sequor,
787 1983 859 2024 raro
882 1960 1335 2025 autemlicet.eednimi-15

262 2198 332 2253 huo*
352 2203 373 2262 (a
392 2199 421 2253 io
439 2204 492 2264 rao)
508 2201 543 2253 H
632 2203 642 2251 1
664 2198 760 2255 latiari
776 2217 832 2253 non
849 2217 937 2269 quaeo
950 2203 977 2254 Β
1070 2199 1294 2270 2&**laqueata

264 2283 292 2347 (il
310 2286 435 2349 deletum,
456 2284 587 2355 laqueata
605 2286 634 2340 in
652 2304 761 2349 rasuras
780 2284 930 2340 uidetur&
948 2284 996 2340 illa
1013 2302 1083 2355 quae
1101 2286 1136 2339 ad
1148 2287 1246 2358 fuisse)
1265 2291 1293 2342 B

261 2368 458 2440 etaalaqueata
470 2375 540 2436 (eata
558 2373 587 2424 t’n
605 2375 708 2437 rasura)
722 2374 750 2424 A
767 2372 792 2424 81
811 2369 978 2442 illaqueata
995 2375 1066 2437 (corr
1083 2390 1115 2424 ea
1132 2373 1157 2426 &
1175 2371 1222 2426 ille
1239 2391 1293 2442 que

260 2458 338 2511 adut
350 2459 463 2522 uidetur)
483 2458 518 2510 H
526 2464 553 2511 et
565 2457 612 2512 illa
623 2456 751 2527 laqueato
763 2458 890 2512 Halmius
983 2474 1147 2527 contempno
1158 2459 1214 2510 AB
1230 2475 1294 2512 oon·
1383 2467 1384 2471 ’

259 2545 326 2596 tino
348 2545 383 2596 H
474 2544 489 2592 3
507 2545 606 2596 uocat*
627 2547 649 2607 (t
666 2543 695 2597 in
713 2563 768 2608 rae,
789 2563 805 2578 ·
824 2563 841 2597 a
858 2546 927 2607 corr)
949 2544 984 2595 H
1074 2543 1090 2593 4
1108 2542 1160 2596 hoo
1172 2545 1199 2596 Β

261 2621 384 2699 iiirileiit
404 2648 439 2699 H
547 2648 640 2699 51ure
660 2649 697 2710 (re
715 2666 728 2700 e
745 2651 812 2711 corr)
832 2649 860 2699 A
877 2643 922 2698 iul
937 2664 998 2699 corr
1015 2661 1074 2698 iure
1093 2647 1128 2698 H
1228 2645 1294 2699 ade

262 2767 325 2801 corr
342 2751 369 2800 A
481 2723 655 2825 reglerevbil
671 2749 717 2813 (ba
734 2769 747 2802 e
765 2753 837 2814 corr)
858 2751 902 2813 H,
915 2749 980 2818 suit
997 2747 1053 2802 niti
1066 2749 1158 2818 fallor
1176 2745 1220 2800 res
1235 2748 1294 2802 lere

261 2850 305 2904 iul
420 2856 435 2905 6
454 2851 518 2905 iniis
532 2855 560 2907 Β
578 2873 591 2906 e
610 2871 679 2914 corr,
699 2852 808 2907 uidetur
824 2850 877 2905 nisi
889 2851 983 2922 saitae
1099 2855 1113 2902 'l
1132 2848 1294 2904 dilectatio-

261 2973 378 3024 nemque
397 2958 422 3006 A
442 2954 656 3009 delectationem
673 2947 753 3031 quein
771 2957 798 3010 Β
896 2971 1051 3025 queruntur
1070 2955 1110 3017 Η,
1130 2971 1191 3006 conr
1202 2970 1255 3032 que
1267 2956 1295 3008 B

366 3056 441 3110 Sais
459 3060 495 3111 H
588 3056 652 3112 laxa
669 3059 699 3111 ἐπ
717 3077 815 3112 rasura
831 3060 859 3111 A
959 3055 1103 3111 9muntes
1120 3074 1181 3110 corr
1191 3060 1295 3110 monA

364 3127 494 3238 cogita-biti¹
506 3163 533 3215 B
556 3162 685 3230 cogitabo
702 3181 762 3216 corr
778 3180 810 3215 ee
827 3166 950 3230 cogitare
969 3162 996 3213 A
1020 3177 1143 3230 cogitare
1163 3161 1200 3213 H
1201 3179 1209 3222 ;
1226 3162 1294 3228 for-

261 3270 331 3318 tatae
353 3265 503 3333 cogitaram
619 3239 799 3319 induceba'B
820 3264 954 3318 induebar
971 3265 1007 3317 H
1133 3265 1163 3315 10
1187 3280 1294 3342 tetiam

263 3367 323 3404 corr
340 3354 370 3403 ut
387 3350 495 3403 uidetur
512 3370 544 3404 ex
562 3368 664 3404 tetiam
680 3351 767 3417 [immo
784 3351 881 3415 tetam]
899 3351 925 3401 A
942 3366 1032 3403 tetam
1053 3350 1088 3402 H
1199 3350 1227 3400 11
1249 3347 1294 3402 de-

261 3433 366 3489 lectare
378 3441 401 3489 A
507 3453 602 3490 tecum
613 3442 638 3490 et
649 3455 708 3490 moa
720 3435 770 3490 abl
779 3435 804 3490 is
813 3437 859 3490 aad
874 3434 978 3490 lineolis
989 3435 1107 3506 oyllabae
1119 3435 1158 3489 aio
1169 3439 1201 3487 ut
1213 3453 1293 3505 opor-

263 3526 299 3574 tet
316 3526 456 3592 separatae
473 3526 499 3574 et
516 3522 672 3577 coniunctae
688 3524 724 3577 H
827 3524 857 3574 12
875 3519 948 3574 absis
963 3520 1108 3575 taratara
1126 3539 1193 3591 quae
1212 3520 1294 3574 etiam

257 3607 414 3676 proximam
432 3626 450 3660 u
469 3607 578 3678 attinqt't
594 3611 631 3672 A,
651 3627 734 3679 neque
751 3614 839 3662 tamen
857 3606 933 3662 aliud
950 3607 1130 3677 quaerendum
1148 3625 1206 3662 eum
1220 3608 1293 3660 Hal-

261 3692 331 3752 mi'o,·
352 3692 449 3746 liturae
467 3711 574 3747 cautam
587 3695 725 3763 patefacit
745 3694 913 3748 Haimianue
1009 3691 1107 3763 potius
1123 3696 1144 3758 (c
1162 3697 1293 3746 mutatam

261 3778 291 3831 in
308 3783 328 3843 t)
348 3781 376 3833 Β
486 3781 516 3830 13
534 3778 627 3850 plural
644 3782 671 3835 Β
774 3777 866 3833 abesse
885 3779 1056 3833 Haimianua
1073 3777 1165 3832 abesse
1182 3782 1209 3833 A
1229 3775 1292 3832 abab

261 3882 323 3918 corr
340 3865 369 3918 in
393 3863 484 3919 abeam
502 3867 529 3918 Β
660 3869 692 3918 14
713 3863 866 3936 prelsertim
885 3866 922 3918 H
1044 3882 1073 3918 et
1096 3881 1293 3918 amoenitatem

261 3937 515 4021 haneaesalubiitate
533 3969 602 4022 hanc
621 3967 674 4033 (alu
692 3969 721 4022 in
739 3972 842 4033 rasura)
856 3970 883 4021 A
900 3969 925 4022 ἃ
944 3985 1140 4022 amoenitatem
1155 3936 1294 4036 banisai-

261 4051 426 4107 lubritatem
444 4053 514 4108 hane
526 4056 553 4108 B
571 4055 595 4108 a
614 4061 765 4134 amqnitate
783 4054 808 4107 a
826 4052 1019 4107 salubritatem
1030 4053 1099 4106 hane
1112 4052 1291 4116 Heimt’aoae,

261 4142 344 4208 lquem
363 4158 433 4192 ouoo
452 4143 608 4208 sequuntur,
627 4140 674 4192 aad
691 4157 738 4192 nec
754 4140 841 4209 fidem
859 4138 936 4192 babet
957 4139 1007 4192 ina
1030 4137 1175 4208 scribtura,
1198 4157 1214 4190 a
1234 4155 1294 4190 tor-
