3030 4876
679 374 756 436 1118,
779 373 810 422 18
1201 371 1266 434 179

222 547 386 611 redeunte
395 539 414 623 3'
441 544 528 608 nihil
554 544 645 606 enim
666 554 794 626 praeter
816 543 947 606 laudem
969 540 1070 605 bonia
1087 554 1185 625 atque
1207 539 1269 604 in·-

223 649 421 714 nocentibus
442 669 551 729 neque
574 668 616 710 ex
636 646 784 710 hostibus
807 667 913 728 neque
935 667 954 706 a
976 644 1072 708 sociis
1090 655 1261 728 reportan-

226 754 316 816 dum.
340 751 407 813 iam
420 750 506 812 illud
521 761 672 832 apertum
686 759 736 812 est
749 747 894 830 profecto
910 748 987 830 [est],
1005 747 1089 810 nihil
1105 770 1174 811 esse
1189 758 1262 811 tur-

224 855 301 940 pius
316 875 416 936 quam
431 862 481 915 est
495 873 693 934 quemquam
709 851 811 935 legari
829 851 894 913 uisi
915 851 963 913 rei
985 850 1137 934 publicae
1152 873 1269 914 causa..

226 1085 310 1146 atque
327 1076 357 1128 in
374 1082 481 1128 ceteros
494 1072 605 1126 ordines
624 1071 734 1125 eaodem
750 1071 826 1125 uitae
843 1071 1026 1137 condiciones,
1040 1091 1096 1126 non
1110 1074 1268 1143 perferent..

231 1161 394 1223 Quintuiian.
406 1160 498 1214 Iintit.
513 1163 582 1211 orat.
599 1159 639 1221 11,
657 1159 680 1222 1,
695 1159 728 1210 38
746 1166 825 1211 uerte
843 1165 875 1210 ut
891 1158 965 1211 idem
982 1157 1084 1212 Caesar
1102 1159 1136 1212 de
1153 1158 1202 1212 illo
1220 1159 1264 1212 di·

226 1247 317 1311 xerit,
338 1245 495 1314 arrogantia
514 1251 563 1297 est
583 1261 670 1312 porro
687 1241 733 1296 lex
750 1243 780 1296 in
797 1243 886 1296 omnis
904 1244 1004 1297 dicitur
1020 1249 1050 1297 ut
1067 1245 1145 1314 iufra
1164 1248 1211 1309 19,
1226 1248 1262 1297 44

227 1332 328 1387 scitum
345 1339 373 1384 et
390 1332 496 1383 iussum
513 1330 542 1382 in
561 1328 658 1381 omnia.
676 1330 787 1398 denique
800 1330 830 1380 de
843 1334 898 1383 tota
915 1332 1045 1383 renuntia
1063 1333 1185 1400 conferri
1195 1351 1261 1401 quo-

226 1421 291 1473 dam
307 1419 385 1471 modo
398 1421 491 1486 pateat
503 1417 528 1479 3,
546 1417 586 1478 14,
602 1415 635 1465 32
647 1413 714 1467 haec
731 1412 785 1479 lex,
802 1413 917 1468 dilatata
933 1415 962 1467 in
980 1415 1104 1469 ordinem
1121 1425 1260 1483 cunctum,

226 1503 403 1572 coangustari
421 1501 503 1555 etiam
519 1508 620 1570 potest.
640 1501 729 1570 itaque
746 1505 816 1565 unte,
837 1518 891 1553 non
907 1505 939 1552 ut
956 1502 1036 1570 uulqo
1049 1507 1113 1573 poet
1131 1510 1261 1557 conuerte

230 1596 342 1653 ...eut
363 1607 429 1658 quae
447 1606 506 1640 cum
519 1587 651 1655 proximis
668 1585 780 1639 domum
797 1591 844 1640 cet.
864 1588 1067 1656 coniunquntur‚
1087 1590 1207 1648 defectus
1220 1589 1264 1641 in·

228 1675 330 1730 dicium
339 1673 418 1742 scci,
438 1691 498 1726 cum
510 1673 672 1742 praesertim
690 1691 757 1741 quae
770 1673 939 1742 praecedunt
955 1692 985 1725 ea
1004 1673 1110 1742 quidem
1128 1693 1180 1744 qiua
1198 1693 1261 1728 uaur

226 1779 286 1816 rum
298 1759 506 1831 interpunqendi
516 1757 623 1811 ratione
629 1760 727 1826 plenae
740 1759 847 1827 efficere
858 1759 1001 1811 sententiaa
1013 1760 1165 1813 uideantur.
1180 1762 1260 1832 wulqo

226 1863 339 1901 necesse
357 1852 424 1908 erat,
438 1861 493 1913 quo
505 1851 683 1913 posteaquam
698 1885 703 1894 .
717 1885 723 1894 .
738 1842 861 1907 accessit,
876 1852 1034 1897 conuertem
1045 1851 1093 1899 cet.
1113 1864 1189 1915 quern
1201 1847 1267 1915 qui-

228 1933 288 1985 dem
306 1931 440 1999 defectum
457 1947 503 2000 eqo
522 1930 634 1981 interitu
650 1929 838 1981 nonnullorum
852 1930 988 1998 soliorum
1006 1932 1146 2002 archetypi
1162 1933 1268 1984 codicia:

228 2023 317 2071 ortum
340 2035 395 2070 eree
418 2035 477 2069 cum
495 2016 633 2085 plerisque
656 2019 742 2067 awtuo
760 2032 807 2066 nec
823 2017 944 2069 adducor
963 2023 991 2070 ut
1008 2018 1117 2070 medam
1134 2019 1264 2069 inaurem

225 2109 336 2174 partem
352 2103 486 2155 marronis
504 2101 571 2170 leaia
583 2102 615 2152 de
632 2100 830 2170 maqictratrduu
842 2119 922 2170 quam
939 2102 1101 2171 requirimur
1118 2122 1266 2173 numquam

228 2190 360 2258 emptam
371 2206 425 2241 eree
437 2205 454 2239 a
471 2187 610 2240 Cicerae:
629 2191 699 2238 certe
716 2187 806 2238 omnia
822 2194 979 2256 aryummta
991 2189 1085 2257 quidus
1097 2189 1175 2242 iliam
1186 2209 1262 2242 auam

229 2275 381 2344 opinionem
389 2276 511 2344 firnrare
527 2272 631 2324 studuit
649 2271 887 2342 Reifferscheidiue
906 2277 940 2337 [n.
957 2292 1024 2326 mur.
1039 2275 1126 2327 Rhea.
1143 2277 1183 2338 17,
1199 2277 1256 2340 272(

230 2361 323 2430 refelli
334 2378 416 2430 poree
433 2358 500 2411 mai
511 2358 648 2426 paritati,
662 2375 738 2425 quan
755 2359 871 2412 aramme
882 2360 913 2411 de
924 2360 1002 2413 totiru
1018 2360 1097 2413 huius
1114 2378 1169 2413 non
1181 2379 1262 2413 enar-

229 2447 345 2501 rationis
361 2447 408 2499 aed
423 2443 558 2497 auaaionir
575 2444 640 2512 ἱερέα
657 2444 768 2496 coneilio
785 2449 810 2496 et
828 2446 939 2509 ratione,
954 2463 1021 2514 quae
1039 2453 1064 2498 et
1080 2464 1204 2516 exprerae
1215 2448 1265 2499 de-

229 2533 346 2587 cluruuit
366 2533 457 2586 Cicero
475 2531 490 2582 2
497 2569 504 2594 ,
522 2531 567 2594 10,
582 2531 616 2580 21
633 2533 658 2581 et
675 2529 814 2597 exernptic,
836 2532 914 2599 quale
931 2536 969 2583 eat
986 2533 1051 2583 haec
1068 2533 1101 2584 da
1123 2531 1262 2584 tribunatu

229 2619 376 2688 diuprdatio
390 2618 424 2682 (3,
440 2619 463 2681 8)
481 2617 527 2668 uel
542 2616 593 2668 illa
610 2616 643 2667 de
659 2633 790 2685 auqurum
808 2616 868 2668 iure
881 2618 913 2680 (2,
930 2619 979 2681 12),
991 2617 1084 2684 facite
1098 2618 1263 2688 perspiciat>

230 2725 248 2758 a
260 2722 324 2757 uero
339 2703 476 2757 admarrc
488 2706 565 2770 puto.
585 2719 618 2754 ea
634 2702 686 2753 hac
703 2706 790 2754 audem
803 2707 892 2772 parte,
908 2721 975 2771 quae
992 2702 1071 2754 hodie
1083 2702 1261 2763 dardania,

229 2790 335 2860 relr‘qua
346 2793 408 2841 aunt
419 2807 438 2840 a
449 2786 593 2842 Macrobio
606 2789 638 2840 de
650 2788 711 2858 diff.
726 2794 751 2840 et
762 2805 815 2840 roc.
829 2807 869 2857 qr.
883 2789 929 2840 lat.
941 2806 967 2857 q.
981 2788 1058 2841 uerbi
1071 2790 1111 2851 17,
1127 2789 1142 2840 6
1155 2793 1180 2839 et
1196 2804 1264 2839 aruc-

229 2884 287 2930 tore
304 2876 405 2929 incerta
417 2873 541 2927 deuerdo
554 2875 749 2940 5‚6[Gramm.
764 2875 841 2926 latin.
854 2875 928 2927 Keil.
942 2894 968 2926 u.
983 2878 1008 2938 5,
1024 2877 1084 2938 620,
1099 2876 1114 2926 8
1127 2879 1153 2926 et
1165 2875 1225 2936 644,
1240 2875 1262 2936 9]

230 2981 245 3014 e
261 2962 340 3015 tertio
358 2961 389 3012 de
405 2960 505 3032 leque
523 2960 607 3012 citata
623 2960 721 3011 uerba:
739 2959 787 3028 qui
804 2960 907 3029 poterit
928 2960 1017 3013 socios
1034 2960 1116 3024 tueri,
1137 2960 1160 3013 ai
1179 2958 1263 3012 dilec-

228 3055 289 3101 tum
305 3063 398 3100 rerum
415 3045 526 3099 utilium
544 3052 571 3098 et
588 3043 729 3098 inutilium
745 3063 800 3098 non
817 3045 949 3100 habebit?
962 3065 1028 3116 quac
1040 3047 1156 3116 rirnplea
1166 3051 1192 3099 et
1202 3064 1264 3099 rec-

231 3139 286 3186 tum
302 3132 432 3185 iudicium
448 3133 486 3185 ad
503 3132 580 3184 illam
598 3133 679 3202 leqem
697 3131 778 3184 sociis
796 3139 928 3201 parcunto
948 3134 972 3197 3,
988 3135 1013 3197 3,
1028 3136 1044 3185 9
1061 3134 1128 3196 (169,
1144 3134 1169 3195 8)
1189 3133 1262 3200 refe

231 3225 288 3274 ret:
306 3223 332 3272 et
348 3219 507 3288 ampliorem
525 3235 603 3288 quam
621 3236 688 3287 quae
705 3219 784 3270 hodie
801 3235 881 3286 anper
897 3224 935 3271 eat
959 3221 990 3271 de
1009 3218 1161 3288 prouinciis
1179 3219 1264 3287 deque

231 3305 430 3376 mayiatratiduu
441 3305 552 3357 urbanis
562 3304 769 3372 disputationem
781 3305 845 3357 olim
853 3305 1032 3373 praeminum
1042 3305 1144 3373 scarae,
1158 3305 1203 3357 uel
1213 3305 1265 3357 ilia

231 3393 370 3446 declarant
382 3393 407 3455 8,
424 3392 455 3442 18
472 3388 725 3455 (180‚11)sediam
743 3389 767 3443 ai
784 3389 874 3460 placet
892 3390 926 3443 de
944 3390 1096 3460 prouinciis
1114 3390 1264 3444 decedatur

231 3478 261 3532 in
278 3478 428 3547 urbemque
445 3475 584 3530 redeatur.
717 3492 780 3528 cum
794 3475 878 3529 laude
895 3475 1029 3530 redeunte
1053 3477 1184 3530 Victorius
1200 3493 1263 3530 cum

229 3565 341 3618 laudem
357 3563 428 3633 pede
445 3580 501 3615 uno
513 3564 570 3616 AB
669 3564 680 3612 1
696 3578 791 3631 preter
801 3565 829 3614 Α
922 3564 937 3612 3
956 3569 1024 3634 apuu
1041 3569 1056 3616 e
1073 3562 1171 3633 ptecro
1190 3570 1204 3612 e
1222 3581 1263 3614 m-

231 3649 272 3704 1111
293 3648 337 3703 est
359 3647 475 3719 turpius
489 3655 544 3717 qua
564 3653 579 3698 e
596 3653 705 3717 quequa
722 3649 750 3701 B
771 3653 872 3717 apertu
890 3646 933 3700 est
950 3647 1113 3718 prosector*
1130 3647 1200 3701 mhrl
1217 3648 1262 3700 ee*

233 3742 256 3799 (e
273 3735 360 3789 adera
377 3736 407 3788 in
424 3738 529 3798 rauura)
547 3732 660 3804 turprus
675 3741 730 3803 qua
748 3730 792 3787 est
808 3740 943 3803 quiquam
961 3739 988 3787 A
1005 3736 1129 3801 [Retinui
1146 3742 1187 3788 eat
1199 3740 1264 3804 port

231 3839 314 3891 qaam
331 3822 401 3890 quood
417 3823 498 3891 uulqo
515 3821 654 3885 adiicitur,
673 3822 710 3889 cf.
725 3839 755 3891 p.
774 3822 819 3883 15,
836 3824 850 3871 7
867 3820 935 3890 quid
956 3828 1013 3874 tam
1034 3821 1165 3889 exiguum
1182 3836 1264 3888 quam

232 3915 275 3961 eat
291 3925 391 3961 munus
408 3908 472 3970 hoc;
497 3907 658 3968 Quintilian.
673 3909 743 3960 Inat.
760 3925 799 3959 or.
814 3909 838 3970 2,
855 3907 895 3970 13,
912 3908 943 3958 lo
959 3906 1026 3975 quid
1043 3915 1098 3959 tam
1116 3905 1263 3958 distortum

232 4011 314 4063 quam
331 4001 375 4047 eat
390 3991 437 4046 ille
456 3993 628 4056 discobolua3
646 4011 698 4062 pro
710 3993 790 4045 Roec.
803 3994 865 4044 Am.
880 3994 920 4055 16,
935 3994 967 4042 47
980 4008 1058 4044 nemo
1078 3991 1157 4045 uobis
1175 3990 1263 4060 magis

232 4089 315 4134 notua
333 4079 445 4133 futurus
464 4079 501 4132 ait
517 4096 599 4148 quam
617 4087 659 4132 est
674 4078 720 4131 hic
732 4076 889 4146 Eutychum
904 4079 970 4130 idid.
983 4080 1008 4142 5,
1025 4080 1068 4139 14;
1084 4079 1116 4130 de
1125 4079 1180 4147 fin.
1193 4078 1218 4141 2,
1233 4079 1259 4140 4,

236 4168 267 4218 13
284 4164 392 4220 nullum
409 4164 540 4230 uerbum,
556 4165 631 4234 quod
648 4163 735 4232 magis
754 4162 874 4217 declaret
889 4180 972 4232 quam
990 4162 1111 4216 declarat
1127 4160 1264 4231 uoluptas]

1002 4267 1055 4317 12*
