2994 4884
696 397 884 460 14,11-.-13
978 392 982 400 ·
1267 400 1305 461 13

273 570 345 646 bas,
377 566 509 632 cottidie
537 567 661 630 relaxes
689 567 828 649 aliquid,
858 579 896 630 ut
924 567 991 630 iam
1020 566 1122 632 oratio
1153 579 1210 632 tua
1239 590 1306 633 non

273 671 417 735 multum
432 692 451 732 a
465 668 735 754 philosophorum
757 671 891 734 lenitate
914 671 1010 734 absit:
1036 672 1124 754 quod
1145 672 1305 736 sustinere

274 795 373 857 quom
398 773 453 836 uel
475 794 602 835 summa
624 783 775 836 senectus
796 795 889 856 posse
912 774 1071 851 uideatur,
1096 775 1223 837 nullam
1245 775 1306 838 tibi

274 900 292 939 a
315 875 420 939 causis
443 876 649 940 uacationem
671 875 768 940 uideo
792 876 870 939 dari.

225 988 261 1043 12
339 979 497 1046 varvs.
533 981 577 1041 At
603 980 747 1042 mercule
774 1001 833 1064 ego
861 979 1039 1043 arbitrabar
1065 1001 1158 1063 posse
1185 980 1220 1043 id
1245 1002 1305 1064 po·
1336 999 1348 1039 s

273 1083 351 1165 pulo
374 1092 484 1145 nostro
507 1081 643 1171 probari,
669 1081 696 1145 si
718 1093 750 1145 te
773 1083 814 1145 ad
836 1083 887 1145 ius
910 1083 1175 1166 respondendum
1197 1084 1304 1147 dedis-

273 1207 338 1248 ses:
368 1207 467 1268 quam
493 1186 534 1247 ob
561 1206 644 1263 rem,
670 1205 770 1267 quom
795 1185 952 1268 placebit,
983 1185 1219 1269 experiendum
1245 1187 1304 1250 tibi

273 1310 388 1352 censeo
411 1287 454 1350 id.

336 1391 487 1454 Marcus
524 1390 559 1454 si
582 1389 729 1473 quidem,
756 1390 893 1467 Quinte,
918 1389 1050 1452 nullum
1073 1402 1157 1454 esset
1183 1391 1219 1453 in
1247 1413 1304 1454 ex-

271 1493 432 1576 periundo
455 1493 654 1577 periculum:
678 1494 735 1557 sed
758 1515 872 1557 uereor
886 1515 928 1556 ne
945 1493 1024 1555 dum
1039 1492 1187 1557 minuere
1203 1495 1304 1558 uelim
1322 1510 1347 1552 1⁰

272 1597 417 1659 laborem
440 1618 577 1680 augeam
600 1607 697 1680 atque
721 1597 763 1659 ad
784 1596 876 1659 illam
898 1617 1071 1659 causarum
1093 1618 1237 1680 operam,
1263 1598 1305 1660 ad

272 1720 371 1780 quam
394 1721 453 1783 ego
476 1721 657 1782 numquam
679 1699 743 1763 nisi
765 1710 896 1784 paratus
920 1710 952 1763 et
974 1700 1149 1763 meditatus
1172 1700 1302 1775 adcedo,

272 1801 469 1886 adiungatur
491 1803 572 1866 haec
594 1803 674 1866 iuris
696 1802 929 1886 interpretatio,
948 1825 1031 1885 quae
1050 1824 1117 1866 non
1139 1814 1207 1866 tam
1222 1803 1304 1865 mihi

271 1905 407 1969 molesta
429 1905 471 1969 sit
493 1916 625 1989 propter
646 1907 804 1984 laborem,
831 1928 929 1988 quam
952 1907 1039 1990 quod
1062 1906 1192 1969 dicendi
1215 1906 1303 1990 cogi-

272 2008 429 2072 tationem
451 2008 585 2088 auferat,
610 2009 681 2072 sine
697 2031 761 2092 qua
776 2010 817 2072 ad
832 2009 960 2071 nullam
974 2008 1132 2073 maiorem
1147 2031 1303 2092 umquam
1321 2025 1345 2065 15

272 2133 403 2174 causam
425 2134 498 2175 sum
521 2133 618 2175 ausus
641 2112 804 2174 accedere.

225 2221 261 2276 13
335 2217 487 2278 Armovs
524 2215 615 2282 Quin
641 2214 742 2299 igitur
767 2213 830 2277 ista
858 2214 928 2298 ipsa
956 2215 1099 2298 explicas
1128 2214 1222 2279 nobis
1251 2214 1303 2278 his

272 2317 457 2397 subsiciuis,
483 2328 520 2381 ut
539 2318 597 2397 ais,
626 2318 826 2401 temporibus
846 2328 878 2381 et
902 2319 1077 2382 conscribis
1098 2318 1138 2380 de
1161 2317 1233 2381 iure
1256 2318 1302 2380 ci-

271 2471 323 2532 mb3
341 2472 378 2523 H
477 2471 594 2526 sumnus
608 2490 653 2525 uu
670 2473 706 2526 H
808 2471 958 2525 lcotudre
976 2473 1004 2526 Β
1021 2471 1124 2525 contire
1141 2472 1205 2524 AH

271 2571 373 2626 relaxrs
388 2592 450 2628 corr
468 2574 498 2628 es
511 2577 540 2627 A
557 2550 658 2643 relaxis
673 2577 701 2630 Β
718 2573 827 2629 relaxes
840 2577 877 2629 H
977 2581 1055 2627 urna
1072 2576 1100 2628 A
1117 2573 1159 2627 uti
1176 2574 1231 2628 iam
1247 2576 1304 2627 Ga·

270 2658 387 2711 lielmias
491 2678 579 2714 urano
594 2663 622 2714 Β
725 2663 740 2712 3
759 2662 793 2714 cfl
810 2664 838 2714 A
856 2660 885 2714 iu
903 2661 997 2725 litura,
1014 2665 1081 2729 palo
1098 2676 1181 2729 quom
1192 2660 1301 2729 fuisse,-

271 2748 304 2795 cfi
316 2744 344 2796 Β
357 2746 466 2799 cumH
593 2744 837 2814 nullaubrlcaubs
858 2746 935 2800 seda
952 2763 1014 2799 corr
1031 2751 1055 2798 et
1073 2764 1089 2798 a
1107 2752 1168 2799 ante
1186 2745 1253 2799 caus
1272 2746 1301 2798 io

269 2846 391 2914 marpiue
402 2848 455 2900 add
467 2850 495 2901 Β
581 2851 597 2900 4
609 2867 624 2902 a
639 2847 728 2902 causis
741 2851 780 2912 (ca
791 2849 821 2901 ia
833 2866 879 2902 ras
891 2852 958 2914 corr)
975 2849 1010 2901 H
1107 2851 1122 2900 5
1136 2821 1170 2918 ai
1182 2847 1301 2902 mercule

269 2934 325 2986 AB
337 2932 378 2985 Ar
395 2936 521 2999 (recorr)
538 2951 582 2987 me
593 2933 706 2988 hercule
717 2935 758 2999 H,
774 2938 811 3006 cs.
817 2952 848 3003 p.
859 2936 910 2997 6,1
1002 2934 1107 3004 poseB
1211 2937 1301 3004 ὅριο-

267 3035 345 3088 ban*
362 3037 391 3088 A
483 3002 571 3090 liberii
585 3037 630 3092 rus
645 3040 672 3092 B
777 3025 902 3091 lobsA
920 3038 953 3104 cri
971 3039 999 3090 Β
1018 3053 1079 3090 cum
1096 3039 1133 3091 H
1221 3054 1302 3106 expe-

267 3137 393 3190 ucndum
410 3140 503 3194 ABH
520 3141 566 3193 aad
583 3142 614 3193 10
633 3139 802 3209 experrundo
820 3142 876 3194 AB
894 3114 1058 3210 experrindo
1079 3141 1112 3194 H
1206 3142 1221 3192 8
1240 3156 1300 3193 cen-

269 3221 363 3276 seo·1d
381 3223 403 3277 lr
419 3226 512 3279 ABH
524 3225 554 3279 id
572 3243 679 3280 censeo.
695 3227 737 3278 M.
753 3223 783 3279 si
798 3226 950 3288 Taraciam
972 3224 1076 3279 censeo.
1091 3227 1132 3278 Μ.
1147 3224 1176 3280 si
1192 3225 1299 3280 inducto

268 3306 297 3360 id
313 3311 478 3365 (auratorum
496 3313 533 3366 ad
550 3311 733 3364 Mlonr'anam
746 3313 786 3376 18,
802 3313 834 3362 48
852 3314 897 3382 (cs.
912 3310 1070 3380 Madaipius
1082 3311 1194 3366 Emead.
1210 3331 1241 3383 p.
1254 3314 1296 3376 3);

261 3396 382 3464 sonasse
401 3396 596 3466 experiendum
614 3396 666 3450 tibi
679 3414 776 3451 censeo
788 3396 818 3449 id
829 3396 914 3466 (esse).
930 3398 973 3450 M.
989 3395 1027 3461 Si,
1042 3399 1086 3450 ael
1104 3395 1299 3467 experiendum

265 3478 318 3533 tibi
336 3497 433 3535 censeo
452 3481 481 3535 id
494 3481 630 3552 (quidem).
651 3485 693 3536 M.
714 3481 744 3535 Si
762 3482 885 3551 quidem;
906 3483 1046 3551 repetitum
1064 3482 1141 3536 breui
1157 3482 1298 3536 interuallo

266 3565 377 3634 quidem
394 3568 457 3621 aide
474 3569 554 3622 Brut.
574 3570 599 3632 3,
622 3570 652 3619 13
673 3566 751 3622 uolui
769 3567 799 3621 id
816 3567 927 3638 quidem
945 3568 1053 3622 efficere
1072 3574 1153 3631 certe,
1175 3574 1203 3620 et
1219 3568 1297 3637 capio

265 3668 395 3720 magnum
407 3653 535 3718 fructum,
556 3652 580 3707 si
592 3653 711 3722 quidem,
725 3653 800 3723 quod
817 3653 904 3718 uolui,
925 3660 1089 3708 consecutus
1102 3670 1176 3718 sum3
1197 3654 1229 3706 de
1242 3658 1297 3706 reat.

266 3738 338 3790 deor.
354 3739 378 3804 3,
394 3741 435 3804 32,
451 3742 484 3792 to
504 3731 641 3794 debebant
657 3738 699 3793 illi
717 3739 828 3809 quidem
845 3757 939 3794 omncs
956 3739 1045 3793 bonos
1063 3738 1180 3802 efficere,
1202 3738 1225 3792 si
1238 3739 1298 3808 qui·

266 3821 328 3875 dem
339 3824 481 3879 hominum
493 3825 587 3894 generi
600 3824 788 3880 consulebant.
893 3828 908 3877 9
920 3827 1016 3895 quu'ne
1033 3825 1086 3890 (sic)
1103 3826 1131 3878 Β
1142 3842 1258 3894 qurnste
1270 3827 1298 3877 A

265 3923 334 3979 qnae
351 3911 388 3963 H
500 3914 531 3964 10
549 3929 666 3965 minuerr
683 3910 730 3964 uel
747 3929 777 3963 m
795 3912 840 3964 ced
857 3927 980 3964 mmuere
998 3910 1082 3964 uelim
1099 3927 1159 3965 corr
1176 3912 1232 3963 AB
1250 3928 1298 3963 rm-

264 4010 349 4048 nuere
359 3995 363 4064 Ι
374 3995 458 4050 uelim
474 3999 511 4051 H
633 3998 661 4048 ll
683 4014 715 4049 at
731 3999 786 4066 qua
803 4014 863 4050 corr
880 3996 916 4050 ad
933 3999 961 4049 A
1089 3998 1120 4048 12
1145 3995 1248 4049 adcedo
1269 3998 1298 4048 A

263 4099 309 4149 sed
325 4115 371 4153 acc
389 4119 458 4165 corr,
476 4074 559 4153 aiedo
579 4103 607 4154 Β
630 4099 729 4180 accedo
747 4101 784 4153 H
901 4101 932 4150 13
950 4098 1001 4152 hec
1019 4101 1054 4152 H
1164 4116 1218 4168 que
1236 4116 1298 4162 corr

264 4199 317 4262 que
329 4185 357 4237 Β
436 4187 467 4237 18
481 4184 522 4239 ars
528 4186 697 4240 Heinsiuoua
710 4182 773 4238 alus
782 4186 809 4238 B
822 4182 884 4238 alus
893 4185 922 4238 in
935 4185 1017 4238 litura
1027 4187 1068 4243 A:
1076 4185 1172 4254 suitac
1184 4183 1254 4238 alis?
1268 4191 1297 4237 at
