3030 4876
405 409 566 451 PRAEFATIO
584 410 681 450 NOVAE
700 409 848 450 romolus
1112 417 1148 460 XI

113 594 181 636 non
204 571 301 654 plene
324 569 486 632 rettulisse
509 568 650 652 suspicio
673 579 765 646 esset,
783 568 819 631 in
841 591 914 631 mea
938 567 1147 631 adnotatione

113 692 301 775 supplerem
330 700 364 753 et
386 689 590 773 corrigerem.
627 688 768 771 denique
792 711 820 750 a.
844 687 1048 752 uncccnxrlx
1071 710 1147 750 cum

113 811 299 875 statuissem
321 831 452 874 omnem
475 809 575 872 huius
597 808 673 872 libri
696 809 875 892 scripturae
894 807 1146 891 discrepantiam

113 930 150 994 in
172 932 287 994 iterata
309 931 413 994 libelli
435 931 500 994 mei
523 930 674 1007 editione,
693 952 775 1012 quae
798 930 863 992 iam
886 928 1067 1012 impensius
1086 930 1146 991 fla-

114 1051 285 1136 gitabatur,
315 1051 482 1114 Vossianis
512 1051 644 1127 addere,
680 1059 787 1113 totum
822 1050 943 1113 librum
973 1049 1147 1133 diligenter

115 1171 311 1248 examinaui,
330 1183 362 1234 et
377 1193 575 1254 quamquam
597 1170 633 1232 in
655 1170 717 1232 hoc
733 1192 860 1254 genere,
879 1169 933 1232 cui
955 1170 1076 1233 multos
1091 1191 1147 1232 co—

115 1293 203 1355 dices
226 1293 265 1354 ab
281 1291 354 1354 aliis
376 1300 452 1354 ante
474 1301 627 1354 tractatos
649 1311 878 1373 recognoscere
901 1290 1003 1368 licuit,
1021 1291 1147 1375 fragili-

115 1412 190 1475 tatis
205 1412 370 1475 humanae
385 1433 509 1474 memor
523 1411 667 1474 modeste
683 1409 774 1492 loqui
797 1409 919 1488 didicit,
945 1421 1055 1474 tamen
1077 1433 1145 1474 non

115 1533 220 1594 multa
241 1553 294 1594 me
317 1531 492 1613 deliquisse
515 1531 713 1594 conferendo
736 1541 769 1593 et
790 1530 867 1593 satis
890 1540 1040 1594 accurate
1057 1531 1147 1595 codi-

115 1651 161 1714 cis
183 1650 370 1714 testimonia
391 1651 614 1734 perscripsisse
638 1672 743 1733 spero:
768 1650 890 1713 retinui
912 1662 1022 1714 autem
1038 1651 1074 1713 in
1089 1652 1146 1713 ad-

115 1772 259 1834 notando
282 1792 406 1834 morem
428 1793 539 1834 meum
562 1792 660 1853 quem
682 1781 778 1833 antea
800 1770 947 1848 inieram,
966 1793 1064 1853 quem
1085 1771 1146 1834 etsi

115 1891 340 1975 uituperatum
367 1913 434 1954 esse
463 1890 544 1968 scio,
575 1892 614 1953 ab
645 1890 685 1954 iis
708 1890 765 1972 qui
796 1890 881 1952 nihil
914 1893 1054 1974 probant
1082 1891 1146 1954 nisi

115 2034 227 2089 suum,
256 2022 367 2075 tamen
390 2012 431 2074 ad
454 2033 526 2073 eam
548 2032 629 2088 rem,
655 2033 754 2092 quam
782 2010 948 2091 uolebam,
978 2021 1091 2094 aptum
1115 2021 1148 2073 et

115 2131 335 2195 necessarium
356 2132 455 2194 fuisse
479 2130 597 2207 sentio,
621 2130 721 2212 idque
744 2131 796 2213 egi
815 2131 936 2208 sedulo,
955 2142 993 2194 ut
1008 2153 1072 2213 qua
1087 2154 1146 2194 ne-

116 2251 313 2315 cessitudine
341 2250 395 2314 hic
418 2251 501 2314 liber
523 2272 600 2312 cum
621 2250 788 2313 Vossianis
817 2249 950 2313 iunctus
977 2262 1073 2329 esset,
1105 2274 1146 2314 ex

116 2372 326 2435 adnotatione
345 2372 423 2455 ipsa,
442 2381 603 2452 quantum
624 2370 696 2432 fieri
717 2381 832 2454 posset,
851 2371 937 2434 ultro
952 2393 1013 2434 nec
1028 2392 1147 2454 magno

116 2493 246 2575 negotio
269 2491 492 2574 dispiceretur.
522 2491 619 2573 plene
649 2501 760 2553 autem
782 2492 822 2553 de
849 2490 912 2552 hoc
935 2512 1064 2572 quoque
1092 2511 1146 2553 co-

117 2612 187 2674 dice
211 2612 330 2675 referre
353 2610 501 2673 animum
530 2609 663 2686 induxi,
688 2631 756 2672 non
779 2632 843 2692 quo
867 2631 957 2672 nunc
980 2610 1074 2672 aliter
1097 2618 1147 2672 at-

117 2754 180 2813 que
203 2732 282 2794 olim
298 2732 337 2794 de
353 2731 452 2794 huius
475 2730 565 2793 testis
588 2729 720 2813 ingenio
741 2729 929 2807 iudicarem,
947 2730 1004 2792 sed
1020 2740 1057 2792 ut
1070 2751 1146 2813 pro-

116 2853 220 2935 posita
243 2851 333 2915 omni
355 2850 491 2914 materia
513 2849 695 2912 refellerem
702 2871 772 2948 seoS,
791 2849 848 2931 qui
866 2872 980 2932 nuper,
999 2861 1036 2912 ut
1055 2871 1146 2913 meae

117 2970 268 3034 editionis
291 2972 390 3034 fidem
412 2982 445 3033 et
467 2992 563 3032 usum
587 2978 783 3047 auerterent,
808 2991 910 3052 praue
933 2992 952 3031 a
974 2991 1025 3031 me
1047 2969 1147 3033 huius

117 3091 237 3154 codicis
259 3092 486 3154 auctoritatem
502 3089 704 3152 aestimatam
719 3111 786 3152 esse
808 3088 971 3151 criminati
992 3101 1078 3152 sunt.
1098 3100 1147 3152 et-

116 3212 204 3274 enim
227 3212 350 3295 primus
365 3211 546 3274 Muellerus
568 3232 595 3272 a.
612 3229 852 3272 nnoccnxxvnr
874 3209 910 3271 in
934 3210 1068 3273 edendis
1082 3212 1147 3274 Le-

116 3353 196 3415 gum
217 3331 309 3395 libris
332 3353 409 3393 cum
431 3330 584 3394 uniuerse
604 3331 645 3392 ad
661 3351 768 3392 meam
782 3330 891 3413 potius
907 3352 1005 3411 quam
1020 3329 1148 3392 Halmii

117 3462 173 3513 aut
195 3451 318 3514 Baiteri
340 3451 596 3535 recognitionem
618 3472 651 3513 se
675 3449 893 3533 applicuisset,
918 3472 960 3512 ne
976 3449 1056 3531 quid
1070 3472 1146 3533 pro-

115 3571 205 3653 priae
227 3571 359 3635 uirtutis
375 3572 484 3634 deesse
504 3571 679 3647 uideretur,
698 3592 731 3633 se
747 3593 765 3633 a
780 3592 832 3632 me
849 3569 1020 3632 dissentire
1043 3571 1146 3653 scrip—

116 3690 158 3753 sit
181 3691 221 3753 de
245 3691 355 3754 codice
378 3691 575 3767 Heinsiano,
601 3712 690 3773 quem
712 3690 775 3770 ille,
800 3689 910 3770 inquit
933 3689 972 3751 de
995 3711 1056 3766 me,
1083 3697 1147 3752 tam

112 3811 213 3892 parui
221 3811 315 3896 facit
335 3819 371 3874 at
392 3833 467 3874 raro
490 3811 555 3874 eius
577 3810 763 3874 mentionem
785 3808 903 3889 iniciat,
924 3831 978 3892 epo
995 3830 1147 3892 nusquam

116 3933 337 4015 aeqlepeadum
359 3953 477 4005 censeo,
502 3932 624 4013 nedum,
645 3952 723 4014 quac
746 3929 773 3992 is
789 3927 926 4012 propriu
947 3927 1054 4010 habet,
1079 3922 1146 3993 ‘ar-

117 4050 210 4114 bitrio
226 4044 379 4115 correcta’
393 4052 568 4115 concedam.
587 4051 728 4113 mirabar
744 4060 777 4112 et
791 4070 885 4132 aegre
908 4047 1067 4127 ferebam,
1087 4049 1147 4112 ho-

116 4170 240 4234 minem
262 4172 438 4236 honestum
459 4171 540 4234 haec
557 4193 625 4234 non
648 4192 714 4233 uno
737 4169 871 4232 nomine
895 4167 1027 4230 ueritati
1050 4190 1148 4251 repu-
