3030 4876
503 429 525 468 11
546 418 585 480 18,
600 419 714 469 ιιι-ιι
1066 423 1126 485 129

93 581 215 652 sunto.²
234 587 316 650 haec
338 587 388 651 illi
413 588 553 671 placent.
585 589 642 652 sed
664 611 723 673 ego
752 601 859 653 cetera
885 612 953 653 non
981 601 1048 654 tam
1074 615 1128 655 re-

93 691 205 755 stricte
220 690 387 774 praefinio,
406 691 461 753 uel
482 691 656 754 hominum
678 692 768 755 uitiis
790 694 846 755 uel
869 693 1020 757 subsidiis
1043 705 1128 758 tem-

93 816 213 879 porum
239 793 360 856 uictus:
391 804 495 857 terrae
524 795 651 857 cultum
674 796 856 880 segniorem
878 797 1024 879 suspicor
1046 797 1124 877 fore,

94 897 122 961 si
143 897 276 959 adeam
298 897 456 959 utendam
477 896 628 980 ferroque
651 897 866 982 subigendam
888 899 1127 982 superstitionis

94 999 221 1083 aliquid
244 998 423 1061 accesserit.
1144 1027 1157 1066 ⁵

159 1105 311 1166 Arrlcvs
342 1101 484 1165 Habeo
474 1113 548 1165 1sta:
573 1125 663 1165 nuno
679 1104 719 1167 de
735 1103 834 1167 sacris
849 1105 1015 1188 perpetuis
1038 1107 1126 1169 etde

93 1205 276 1272 Manium
267 1227 338 1267 1ure
360 1214 468 1268 restat.

159 1310 310 1372 Mnacvs.
347 1307 516 1370 Omiram
542 1308 740 1387 memoriam,
765 1308 935 1392 Pomponi,
965 1321 1066 1373 tuam.
1094 1322 1127 1374 at

94 1411 178 1474 mihi
199 1412 261 1474 ista
284 1411 481 1474 exciderant.

42 1524 84 1579 46
159 1517 312 1578 Arrrcvs.
343 1515 395 1576 Ita
417 1513 526 1592 credo,
556 1514 612 1576 sed
638 1524 749 1577 tamen
775 1514 837 1577 hoc
864 1515 967 1598 magis
996 1538 1049 1579 eas
1076 1539 1126 1580 res
1144 1541 1169 1580 10

96 1628 128 1680 et
150 1618 287 1680 memini
309 1628 342 1680 et
364 1627 509 1700 expecto,
528 1617 615 1700 quod
630 1628 663 1680 et
678 1617 720 1679 ad
741 1617 948 1700 pontificium
970 1618 1021 1681 ius
1037 1630 1070 1682 et
1085 1620 1126 1682 ad
1156 1697 1160 1704 ,

95 1720 194 1783 ciuile
216 1720 392 1804 pertinent.

160 1825 311 1887 Maaovs.
342 1824 436 1900 Vero,
455 1834 488 1886 et
510 1845 528 1885 a
550 1821 754 1906 peritissimis
777 1834 855 1886 sunt
877 1823 947 1886 istis
968 1825 1008 1887 de
1029 1825 1125 1888 rebus

95 1937 128 1989 et
156 1948 309 2010 responsa
332 1936 364 1988 et
386 1925 507 2008 scripta
529 1925 640 2003 multa,
666 1935 698 1988 et
721 1947 780 2009 ego
802 1925 838 1988 in
860 1927 923 1990 hoc
946 1927 1037 1991 omni
1059 1951 1127 1991 ser-

95 2052 192 2093 mone
214 2041 332 2107 nostro,
359 2029 446 2112 quod
468 2029 509 2091 ad
531 2049 672 2111 cumque
694 2028 775 2111 legis
802 2051 906 2113 genus
933 2052 985 2093 me
1013 2030 1127 2114 dispu-
1144 2055 1168 2096 15

95 2133 175 2196 tatio
197 2142 307 2195 nostra
330 2131 510 2210 deduxerit,
528 2132 672 2193 tractabo
689 2132 795 2213 quoad
810 2143 922 2215 potero
938 2133 1008 2196 eius
1022 2133 1126 2218 ipsius

64 2292 66 2295 ,
95 2235 223 2320 generis
245 2235 297 2297 ius
320 2234 419 2297 ciuile
441 2245 598 2311 nostrum,
623 2234 680 2296 sed
701 2233 756 2312 ita,
781 2234 873 2298 locus
888 2246 926 2298 ut
943 2236 1013 2319 ipse
1028 2248 1126 2301 notus

96 2464 403 2472 ————-.,--

98 2616 110 2664 1
130 2611 234 2666 illit
191 2615 234 2666 det
235 2613 333 2665 eriores
351 2609 399 2664 ala
415 2611 511 2664 ΑΒΗ
601 2627 694 2689 cetera
713 2612 749 2664 H
838 2627 970 2676 retrrctse
988 2614 1016 2665 B
1029 2579 1126 2715 srdine·

94 2735 142 2782 rae
159 2719 188 2768 A
205 2717 331 2769 r&rrrcte
353 2715 403 2778 (sio)
423 2714 469 2766 sed
486 2731 547 2765 corr
563 2717 594 2765 at
610 2713 646 2766 sit
663 2712 793 2766 resrrlcte
812 2714 849 2766 H
936 2717 951 2766 2
969 2681 1085 2784 prasino
1097 2717 1125 2770 B

182 2817 229 2872 uel
240 2823 286 2871 ant
276 2815 454 2870 tehominum
466 2833 508 2868 om
520 2818 556 2869 H
621 2815 703 2886 ulcjll'
716 2819 733 2885 (J
749 2819 841 2882 eaorr)
858 2818 886 2870 B
900 2781 982 2882 iiicus
996 2823 1022 2871 et
1033 2837 1052 2872 u
1064 2824 1126 2872 aate

95 2906 186 2959 soorr
205 2904 233 2956 ia
251 2921 271 2955 11
297 2904 333 2956 H
436 2900 547 2954 insidiis
570 2901 733 2971 Madaiqias
753 2898 966 2971 Opp.2‚153;
971 2909 1126 2973 temporum

95 2987 242 3045 subsidiis:
264 3007 321 3041 cam
339 2989 436 3040 aarum
452 3005 542 3040 rerum
560 2986 638 3039 hodie
655 2987 743 3040 maior
760 2986 838 3054 copia
856 2992 980 3057 suppetat
991 2989 1126 3059 maiorque

89 3076 223 3147 pecuniae
239 3075 281 3127 ais
300 3092 379 3144 qaam
395 3077 482 3126 aetate
497 3072 626 3137 Platonis,
640 3077 670 3125 at
679 3074 793 3139 facilior
803 3072 839 3125 sit
851 3071 1033 3143 comparatio?
1057 3074 1126 3128 Tar·

95 3164 176 3217 aedas
279 3161 294 3210 3
312 3157 391 3213 cultu
412 3161 448 3213 H
528 3157 667 3228 srgmonm
686 3161 726 3224 H,
746 3177 808 3214 soar
825 3158 976 3229 segmorem
993 3163 1022 3212 A
1045 3159 1126 3230 figm-

95 3254 145 3301 0r1'r
167 3265 228 3301 corr
246 3246 372 3315 segmorsr
390 3247 418 3299 Β
555 3243 638 3297 foresl
660 3243 703 3310 (es
717 3263 731 3298 a
749 3248 821 3310 corr)
844 3244 879 3297 ad
897 3261 957 3299 eam
973 3246 1081 3299 suenda
1097 3249 1126 3302 B

94 3334 155 3388 fore
178 3332 198 3385 si
224 3329 427 3385 adstruendam
449 3334 478 3395 (a
490 3335 556 3399 post
574 3337 588 3382 ὃ
607 3350 625 3384 a
643 3348 704 3384 corr
721 3331 792 3396 add)
814 3335 840 3384 A
857 3329 935 3384 fores
951 3330 1126 3384 lademruen-

95 3436 158 3490 dam
177 3437 214 3489 H
295 3438 311 3487 4
330 3433 443 3488 adeam
459 3433 590 3488 utendam
607 3433 759 3499 deteriores,
779 3433 912 3488 Daaisias
999 3408 1083 3506 fer¹0q;
1097 3436 1125 3488 B

198 3521 379 3590 subigendam
397 3520 548 3585 Manutius,
568 3520 718 3574 Lambinus
734 3519 918 3574 subrcrendsm
935 3521 1028 3574 ΑΒΗ

95 3628 111 3677 6
129 3590 199 3680 sacri
213 3627 241 3677 A
260 3624 328 3678 sacri
348 3626 384 3678 H
488 3627 503 3676 7
522 3623 637 3703 retrado
657 3625 694 3677 H
796 3625 811 3676 8
829 3596 867 3692 ad
882 3625 910 3677 B
1018 3625 1034 3675 9
1053 3640 1124 3677 exor-

95 3711 197 3766 derant
214 3712 261 3764 sed
278 3728 302 3764 cr
319 3729 397 3764 erasa
408 3712 437 3764 B
455 3710 567 3766 excldei
585 3712 610 3764 Ῐι.
628 3729 649 3763 e.
667 3727 736 3764 runt
755 3711 791 3762 H
891 3711 922 3762 1o
941 3708 987 3763 sed
1004 3709 1076 3780 tamt
1093 3712 1130 3762 H

199 3796 286 3851 easses
295 3798 332 3850 H
432 3799 460 3848 11
482 3803 510 3850 et
521 3803 634 3867 expecto
647 3796 812 3850 editiones&
825 3794 920 3865 specto
932 3797 1026 3850 ΑΒΗ

94 3877 261 3972 ponufrcirm
277 3903 306 3953 A
322 3899 490 3970 pontificum
509 3901 545 3953 H
645 3902 676 3951 12
694 3897 846 3969 perutnenr
861 3903 887 3964 (n
896 3898 978 3970 prior
989 3919 1002 3952 e
1015 3900 1082 3962 corr)
1096 3902 1124 3952 A
1218 3941 1224 3949 ι

183 4005 214 4054 13
233 4002 436 4073 aperitissimis
449 4009 513 4057 sunt
525 4002 684 4072 Madaiqias
701 3977 866 4072 apernslimi
883 4001 950 4056 sunt
966 4003 994 4056 B
1012 3999 1123 4072 apusti-

94 4126 138 4180 ms
151 4106 218 4160 sunt
234 4108 281 4161 sed
298 4125 314 4160 a
325 4108 412 4161 attera
424 4125 438 4159 c
450 4123 512 4160 corr
522 4108 551 4159 A
563 4105 695 4178 apuffiml
708 4104 774 4159 sunt
786 4108 823 4160 H
907 4107 938 4157 14
956 4095 982 4158 da
993 4101 1083 4157 multa
1096 4103 1123 4155 B

200 4212 231 4262 15
248 4208 319 4280 legis
337 4226 424 4278 genus
441 4208 570 4263 editiones
585 4206 706 4277 legimus
720 4207 808 4278 genus
823 4211 889 4262 ΑΗ
901 4199 986 4277 legra
999 4204 1087 4275 genus
1095 4207 1123 4260 B

146 4323 189 4354 010.
203 4323 254 4354 tro.
268 4324 293 4353 11.
901 4311 917 4362 9
