3030 4876
668 387 750 448 1113,
772 386 804 435 33
1196 386 1256 447 113

220 559 322 642 plena
334 580 384 621 res
396 558 530 641 publica
545 568 577 620 et
592 557 703 620 omnia
718 579 818 641 regna
833 577 1011 639 omnesque
1026 556 1142 639 populi
1157 577 1259 618 cunc-

221 672 341 744 taeque
364 673 490 745 gentes,
516 683 679 744 augurum
698 660 873 744 praedictis
896 660 1000 722 multa
1022 658 1259 722 incredibiliter

223 786 304 827 uera
327 763 494 827 cecidisse.
520 786 627 846 neque
651 764 740 827 enim
763 763 893 846 Polyidi
915 785 1023 844 neque
1041 761 1259 845 Melampodis

222 889 332 949 neque
347 867 457 950 Mopsi
478 889 585 949 neque
601 866 794 950 Amphiarai
816 888 923 948 neque
940 865 1129 929 Calchantis
1152 886 1260 947 neque

223 969 349 1033 Heleni
364 980 493 1032 tantum
508 991 629 1032 nomen
644 970 767 1048 fuisset,
792 991 899 1052 neque
921 978 970 1032 tot
992 967 1141 1031 nationes
1163 968 1198 1030 id
1220 969 1290 1030 ads

223 1073 287 1136 hoc
310 1083 440 1157 tompus
463 1073 682 1151 retinuissent,
713 1083 751 1137 ut
773 1073 951 1157 Phrygum,
977 1073 1178 1154 Lycaonum,
1204 1071 1260 1134 Ci-

225 1177 328 1239 licum
351 1177 558 1260 maximeque
573 1177 768 1263 Pisidarum,
794 1176 858 1239 nisi
873 1184 1020 1238 uetustas
1036 1197 1074 1236 ea
1089 1185 1177 1237 certa
1192 1195 1260 1237 esse

226 1280 397 1343 docuisset.
428 1302 490 1342 neo
517 1302 596 1344 uero
618 1280 782 1343 Romulus
810 1289 919 1342 noster
949 1277 1116 1361 arispieato
1144 1279 1260 1340 urbem

226 1383 432 1461 condidisset,
459 1406 566 1466 neque
588 1384 659 1447 Atti
681 1383 771 1446 Naui
800 1404 921 1445 nomen
948 1381 1105 1444 memoria
1131 1381 1261 1444 floreret

224 1497 294 1549 tam
317 1487 382 1564 diu,
408 1487 472 1550 nisi
495 1509 607 1551 omnes
629 1487 665 1549 hi
688 1488 793 1550 multa
812 1487 854 1548 ad
868 1488 1042 1550 ueritatem
1057 1486 1261 1549 admirabilia
1278 1499 1304 1540 1⁰

226 1813 261 1865 ari
279 1814 314 1864 H
434 1816 446 1864 1
471 1811 586 1884 *plenal
597 1827 664 1865 Μ·
680 1815 727 1877 (·R·
748 1812 777 1864 iu
794 1812 916 1881 marpiuc
934 1813 971 1866 ad
988 1829 1097 1866 uersum
1114 1812 1259 1881 appictum,

219 1897 284 1968 fuit
293 1901 417 1966 sortasse
437 1911 483 1950 ·R·
504 1897 711 1969 plenal·1>·)H
837 1897 948 1968 ommsq,
971 1916 1033 1952 corr
1050 1895 1124 1967 nesq;
1145 1900 1173 1950 Β
1196 1895 1262 1950 oml-

226 2001 280 2052 que
297 1986 361 2037 ΑΗ
455 2001 581 2055 cunmeq,
604 1988 640 2039 H
731 1986 800 2036 2ex
817 2000 953 2051 augurum
971 1984 1016 2037 uc'r
1033 1986 1126 2038 doctus
1144 1984 1173 2036 iu
1192 1985 1262 2037 Mis·

227 2070 285 2122 cett.
304 2069 365 2121 Obs.
388 2071 412 2133 3,
435 2072 445 2120 1
463 2088 491 2138 p.
512 2073 544 2123 68
631 2067 792 2141 preldrcrsrl
809 2069 926 2133 (uidetur
941 2068 991 2122 rus
1005 2070 1106 2137 fuisse)
1126 2071 1161 2122 H

227 2170 315 2224 multa
327 2173 535 2242 superscriptum
549 2175 577 2227 Β
662 2176 676 2224 3
689 2190 779 2242 neque
792 2189 864 2224 enim
875 2170 1007 2252 poluderp
1019 2175 1047 2225 A
1059 2190 1119 2242 neq,
1135 2164 1262 2242 apolylr-

227 2274 300 2344 derp·
314 2277 342 2328 Β
353 2293 414 2345 neq;
431 2282 475 2328 eni
487 2275 580 2346 pohde
593 2276 632 2346 ῳ)
647 2278 682 2329 Η
765 2273 875 2345 Polyidi
891 2274 1030 2328 Turnebus
1115 2274 1261 2345 melampo·

229 2375 272 2428 dis
289 2379 324 2430 H
343 2377 515 2448 melanpodrs
536 2381 589 2432 AB
716 2381 733 2429 4
756 2374 861 2448 moepsr
882 2379 951 2447 (suit
974 2376 1084 2447 morpsl)
1103 2351 1213 2448 Bmopsr
1230 2379 1266 2430 H

332 2464 471 2533 amphiare
490 2483 550 2517 corr
567 2482 608 2517 rar
625 2467 652 2516 A
752 2461 913 2527 chalicanns
928 2465 956 2516 B
973 2461 1145 2516 calsehanrls
1162 2461 1179 2527 (l
1190 2466 1258 2525 corr]

227 2568 256 2617 A
269 2532 430 2634 oahchanns
441 2567 476 2620 H
576 2569 591 2617 5
609 2541 749 2620 helri'ima
769 2571 820 2629 (eni
838 2568 882 2619 uel
899 2585 953 2630 am,
975 2585 1039 2619 uam
1057 2567 1194 2620 obscurum
1213 2571 1258 2629 est,

226 2670 450 2739 superscriptum)
472 2671 500 2721 A
517 2661 679 2737 helehnrran
696 2675 732 2722 τῇ
750 2672 777 2723 Β
802 2669 873 2722 elem
889 2688 1005 2723 ramum
1021 2672 1057 2723 H
1193 2671 1208 2721 6
1231 2676 1263 2722 ut

226 2772 369 2841 Phrygum
386 2769 485 2838 scripsi
500 2772 605 2843 adpary
622 2791 684 2826 cum
702 2774 730 2826 B
748 2759 909 2844 abparrgum
926 2773 972 2825 sed
987 2790 1004 2843 p
1021 2773 1100 2843 prior
1118 2772 1147 2825 m
1165 2789 1263 2825 rasura

229 2876 289 2910 corr
306 2859 335 2908 A
355 2861 437 2919 (errat
447 2858 588 2922 Halmius]
609 2858 644 2911 ad
662 2875 789 2927 pangam
803 2861 839 2912 H
843 2879 848 2922 ;
872 2863 995 2929 [apparet
1012 2864 1139 2928 pangam
1156 2859 1200 2910 uel
1216 2874 1262 2927 pa-

226 2960 341 3012 rygum,
362 2960 427 3011 quae
443 2944 588 3012 primitiae
604 2945 740 3012 substare
758 2946 832 3014 suit,
850 2963 903 3014 pro
921 2945 1050 3015 phrrgum
1067 2944 1112 2997 uel
1127 2943 1263 3014 phrygum

227 3030 358 3098 scriptum
377 3047 439 3092 esse,
454 3029 528 3081 uelut
540 3029 632 3082 Plauti
647 3030 725 3082 Truc.
739 3033 764 3094 2,
780 3034 804 3094 6,
821 3034 852 3082 55
872 3047 906 3082 ex
924 3047 984 3100 pari
998 3047 1056 3099 gra,
1071 3030 1096 3081 b.
1109 3049 1130 3081 c.
1144 3046 1177 3081 ex
1189 3028 1263 3097 phri-

228 3132 281 3183 gra,
297 3120 433 3167 exaratum
447 3119 485 3168 est
497 3115 526 3167 iu
543 3115 598 3168 Vct.
612 3116 716 3173 codice:
735 3134 767 3168 ea
780 3115 815 3168 ad
827 3117 897 3186 quod
909 3120 1028 3185 superest
1040 3132 1099 3168 cum
1111 3121 1142 3168 ut
1160 3115 1260 3184 efficio,

228 3203 284 3254 leui
299 3200 447 3253 mutatione
465 3201 613 3254 orationem
629 3202 771 3254 uuuciscor
789 3207 879 3270 aptam
894 3207 918 3254 et
929 3202 1043 3254 similem
1056 3201 1101 3254 illi
1107 3219 1161 3270 pro
1174 3199 1262 3254 Balbo

231 3288 271 3350 13,
291 3287 320 3337 31
349 3304 382 3339 ex
406 3287 504 3340 ceteris
526 3287 684 3356 regionibus
708 3295 804 3356 gentes
825 3287 973 3341 uniuersae
994 3286 1023 3339 in
1041 3287 1181 3340 ciuitatem
1199 3290 1264 3338 sunt

227 3379 366 3442 receptae,
387 3379 419 3426 ut
437 3371 602 3426 Sabinorum
618 3372 783 3427 Volscorum
799 3373 984 3428 Hernicorum
1006 3375 1056 3442 (cs.
1074 3374 1105 3426 (te
1120 3373 1166 3444 οβ’.
1181 3373 1203 3436 l,
1218 3371 1261 3435 42,

230 3461 298 3522 150).
318 3457 441 3512 Arabum
452 3459 602 3529 Phrygum,
617 3460 687 3528 quod
704 3464 765 3513 autc
783 3460 943 3529 culpabatur
959 3477 1041 3528 neque
1059 3477 1129 3511 uuuc
1146 3456 1264 3511 destitui-

228 3551 281 3606 tur,
296 3545 435 3614 uecfidem
446 3545 525 3597 babet
536 3545 620 3598 ullam
630 3564 713 3615 neque
721 3545 940 3615 probabilitatem
953 3563 969 3598 a
982 3545 1129 3611 scripturm
1140 3543 1265 3597 Arabum

228 3636 317 3683 autem
335 3631 548 3685 contmemoratio
565 3632 675 3684 minime
688 3632 891 3685 desiderabatur
908 3633 950 3698 (cs.
963 3632 994 3683 de
1007 3631 1062 3683 diu.
1077 3633 1100 3694 1,
1117 3632 1157 3694 15,
1175 3630 1219 3691 25;
1236 3629 1260 3691 2,

230 3717 272 3779 38,
284 3717 336 3780 80)]
417 3714 538 3786 lygaom‘r
550 3719 577 3768 A
589 3716 726 3787 lychaonsr
739 3719 767 3771 Β
778 3716 905 3771 hehaom'r
919 3719 954 3770 H
1029 3715 1146 3800 cylicum
1159 3716 1192 3766 H

230 3824 245 3871 7
264 3836 405 3901 mammem
429 3820 499 3889 (fuit
515 3824 596 3898 meq3)
618 3823 645 3874 Β
666 3838 784 3874 maxime
802 3838 871 3891 quae
889 3822 916 3871 A
937 3803 1127 3889 maximelq'ue
1147 3821 1210 3883 (sic)
1233 3818 1269 3870 H

332 3921 491 4007 pysidarum
514 3925 607 3976 ΑΒΗ
707 3930 782 3976 certa
804 3925 943 3976 deteriores
967 3909 1042 3975 certi
1060 3925 1087 3974 A
1109 3939 1186 3974 certe
1204 3921 1269 3974 BH

334 4009 372 4060 e&
390 4010 415 4061 b.
434 4028 454 4061 c.
476 4015 548 4062 esset
565 4026 626 4061 corr
643 4009 672 4061 iu
691 4007 718 4060 ὦ
737 4010 762 4061 Ιι.
782 4029 803 4062 e.
823 4026 882 4061 esse
899 4011 956 4062 AB
975 4025 1022 4060 ee*
1040 4009 1076 4061 H
1168 4008 1183 4058 9
1202 4023 1264 4058 con·

230 4092 311 4146 diss&
329 4096 357 4147 Β
460 4093 558 4148 florere
575 4097 611 4148 H
624 4094 743 4161 floreret!
767 4100 790 4160 [τ
813 4112 910 4147 ueorr
927 4095 988 4151 add]
1011 4096 1038 4147 A
1151 4094 1182 4144 10
1202 4109 1265 4144 ran·

231 4179 279 4232 diu
298 4180 360 4233 ΑΗ
464 4179 514 4233 ursi
535 4185 571 4244 (ur
589 4181 618 4232 iu
636 4185 742 4245 rasura)
756 4182 785 4234 B
890 4197 983 4233 omnes
1001 4179 1030 4230 hi
1049 4178 1192 4232 deteriores
1210 4175 1268 4230 oms

287 4293 331 4323 ore.
346 4293 396 4322 rso.
410 4292 435 4322 11.
1042 4283 1056 4332 Β
