2940 4890
331 343 391 405 118
778 350 800 389 11
820 340 860 401 15,
876 338 908 389 38

393 513 464 574 Iam
492 512 563 574 ludi
585 511 710 595 publici
734 510 889 594 quoniam
912 520 990 572 sunt
1012 531 1113 573 cauea
1135 511 1290 594 circoque
1315 511 1367 573 di·
1378 518 1416 576 38

329 614 405 692 uisi,
435 614 501 677 sint
528 636 700 697 corporum
728 613 921 676 certationes
949 635 1048 675 cursu
1075 623 1108 676 et
1134 613 1302 697 pugillatu
1334 624 1367 676 et

328 717 516 794 luctatione,
542 717 779 799 curriculisque
802 738 960 799 equorum
976 738 1079 799 usque
1095 717 1136 779 ad
1151 727 1276 780 certam
1292 716 1368 779 uic-

330 820 446 883 toriam
469 820 555 882 circo
579 820 764 883 constitutis
787 841 888 882 cauea
916 830 1017 881 cantu
1043 819 1154 903 uigeat
1179 819 1304 882 fidibus
1334 831 1368 882 et

300 922 426 1000 stibiia
458 922 536 985 dum
563 924 659 987 modo
687 945 725 986 ea
752 924 918 986 moderata
946 922 1019 1000 sint,
1048 932 1086 985 ut
1107 922 1179 1006 lege
1201 911 1368 1005 praescri-

327 1095 421 1147 anani
437 1095 580 1164 appictum)
596 1098 624 1146 A
643 1093 772 1162 olama1q;
794 1094 850 1159 (sic)
869 1096 906 1147 H
1007 1095 1018 1144 1
1039 1110 1136 1162 crrcsq;
1154 1094 1191 1146 H
1295 1092 1367 1147 111111-

330 1178 414 1233 friat
416 1179 552 1284 1011119
540 1199 567 1233 en
590 1183 694 1243 rasura)
716 1182 743 1231 A
857 1181 872 1230 2
896 1177 1033 1249 pugillatu
1052 1185 1080 1232 et
1096 1177 1248 1232 luctatione
1264 1182 1368 1249 scripsi

329 1257 449 1353 pugilli⁰
457 1282 650 1336 ueluctanone
671 1287 727 1346 (no
746 1301 762 1335 a
781 1300 842 1336 corr
863 1283 1072 1353 superscriptam.
1090 1287 1116 1334 et
1133 1298 1167 1335 ue
1185 1300 1246 1336 corr
1261 1283 1294 1335 in
1313 1288 1365 1348 ne)

331 1387 390 1440 AB
402 1386 468 1452 (sic),
484 1384 590 1456 pugrlla
602 1352 803 1451 uilucltanone
823 1388 867 1445 Η,·
886 1386 956 1440 anda
973 1403 1056 1438 annm
1074 1383 1255 1455 pugillatione
1274 1387 1368 1456 effecit

331 1489 462 1543 Halmius
473 1507 501 1541 eo
514 1489 630 1559 artificio
647 1507 712 1542 aeas
730 1489 801 1558 qaod
811 1488 913 1542 criticis
926 1491 1159 1558 perplacitum
1175 1453 1366 1558 pugillanone

329 1575 458 1628 librorum
469 1575 541 1645 scrip
543 1580 632 1628 tnrarn
644 1579 730 1628 ortam
744 1593 798 1629 esse
810 1580 940 1629 censeret:
958 1574 1003 1627 sed
1020 1593 1052 1627 ne
1064 1574 1153 1627 dicant
1165 1575 1368 1646 superscriptae

329 1665 406 1714 notae
425 1680 532 1714 causam
550 1679 603 1714 non
620 1679 766 1730 apparere,
788 1677 927 1730 corporane
945 1660 1099 1715 certationis
1117 1662 1170 1714 tria
1188 1677 1287 1731 penera
1298 1664 1367 1730 sae-

329 1752 405 1811 rnnt‚
421 1764 487 1816 qnae
502 1745 602 1800 Graeci
619 1747 711 1800 dicunt
729 1746 832 1816 δρόμον,
848 1749 980 1817 scaccario,
996 1746 1179 1817 παλαιστικήνι
1194 1749 1233 1818 cs.
1254 1747 1365 1816 Diony-

328 1833 384 1887 sias
396 1833 489 1886 Halia.
503 1835 527 1896 7,
538 1834 569 1883 73
578 1850 607 1901 p.
620 1834 685 1884 1499
699 1832 723 1884 οἱ
735 1838 790 1890 τοῖς
803 1832 899 1886 ἑαυτῶν
913 1836 1025 1902 σώμασιν
1045 1831 1227 1904 ἀγωνιζόμενοι
1244 1826 1299 1886 τότ’
1315 1833 1366 1885 εἰσ-

329 1916 417 1991 ῄεσαν,
434 1919 536 1988 δρομεῖς
547 1936 574 1970 τε
586 1919 630 1970 καὶ
648 1918 741 1971 πύκται
758 1918 801 1970 καὶ
819 1918 962 1981 παλαισταί,
977 1923 1002 1972 et
1015 1918 1175 1973 Aristotcles
1188 1919 1275 1984 (aner.
1295 1920 1320 1983 1,
1337 1923 1362 1983 5,

332 2006 395 2057 1361
411 2005 425 2057 b
439 2006 479 2068 24)
502 2003 670 2076 ἀγωνιστικὴν
694 2007 812 2073 σώματος
835 2004 926 2075 ἀρετὴν
946 2005 1088 2057 declarans
1101 2022 1171 2074 prae
1188 2005 1282 2058 ceteris
1301 2023 1366 2058 ena-

329 2097 414 2144 marat
433 2091 552 2161 δρομικὸν
570 2089 733 2143 solatiaris
755 2091 891 2154 aorrra6a;
914 2091 1028 2143 Plantas
1046 2109 1146 2160 qaoque
1166 2091 1279 2155 (Bacch.
1295 2093 1322 2156 3,
1338 2094 1363 2156 3,

330 2180 372 2241 24)
387 2177 458 2230 inter
469 2177 556 2245 plara
567 2177 631 2229 laaec
644 2193 725 2229 cursu
737 2174 868 2229 luctando
880 2174 1018 2245 pugillatu
1035 2177 1089 2241 (sic)
1100 2176 1260 2245 composuit;
1278 2177 1366 2238 Qniri-

331 2263 443 2316 tilianns
462 2263 532 2316 Inst.
553 2280 591 2315 or.
610 2265 634 2327 2,
650 2264 674 2327 8,
691 2266 705 2313 7
724 2261 904 2332 palaestricus
926 2260 973 2315 ille
993 2262 1140 2332 (magister)
1159 2279 1301 2316 cursorem
1324 2263 1367 2316 ia·

330 2349 384 2402 ciet
401 2355 449 2402 aut
467 2346 590 2418 pugilem
607 2354 655 2401 aut
671 2347 843 2401 luctatorem.
861 2366 943 2418 neqae
960 2367 1056 2419 mapno
1074 2349 1177 2419 nepotio
1195 2367 1227 2401 ea
1243 2347 1366 2419 pugilla-

328 2433 514 2488 ueluctatione
527 2434 625 2504 opinor
637 2434 758 2505 efficitur
769 2432 907 2505 pugillatu
920 2441 947 2488 et
958 2433 1118 2498 luctatione,
1132 2453 1192 2487 cam
1200 2436 1366 2503 praesertim

331 2529 358 2575 et
375 2522 456 2575 etiarn
474 2519 541 2574 alibi
558 2538 572 2573 e
590 2520 723 2574 scribatur
739 2521 768 2574 in
787 2520 863 2574 libris
879 2521 973 2585 (Acaol.
985 2540 1017 2590 p.
1032 2523 1074 2586 49,
1093 2523 1144 2585 17);
1165 2519 1305 2591 pugillatu
1318 2519 1367 2574 uel

328 2607 480 2661 luctatione
498 2605 681 2674 Hoffmannas
699 2624 793 2676 nuper.
812 2611 925 2659 ceteram
948 2605 1089 2677 pugilatus
1107 2607 1288 2677 prodiciam,
1310 2626 1366 2660 non

330 2691 475 2762 pugilatio,
489 2690 588 2745 dicitnr
599 2691 697 2746 latine:
718 2691 870 2762 pugillatus
887 2693 926 2746 sic
943 2693 1072 2763 scriptam
1090 2711 1148 2746 cana
1165 2693 1214 2746 hoc
1227 2694 1283 2745 loco
1297 2698 1324 2746 et
1336 2693 1367 2746 in

331 2797 430 2849 Bacch.
449 2801 504 2848 tarn
522 2795 628 2864 Captin.
642 2797 667 2860 4,
683 2797 706 2860 2,
724 2797 755 2846 12
774 2800 846 2848 catat
863 2797 893 2849 in
911 2795 996 2849 libris.
1103 2798 1118 2847 3
1137 2770 1323 2866 curicuhsque
1337 2799 1365 2849 A

433 2889 584 2967 ¹aequorum
602 2899 630 2951 B
733 2901 749 2949 4
767 2873 846 2969 caim
864 2901 893 2953 B
982 2898 1084 2968 'uigeat
1102 2900 1165 2951 Ena.
1181 2900 1367 2970 Hrpfmannas

333 3002 371 3066 (in
389 3001 555 3055 Fleckeiseni
574 3020 636 3055 ann.
657 3004 722 3054 1878
741 3019 767 3072 p.
789 3004 845 3067 718)
867 3019 928 3056 urae
947 2977 982 3071 ait
1000 3003 1028 3055 B
1045 3000 1158 3072 urcelac
1176 3001 1222 3054 sed
1240 3003 1366 3056 cattiaco

330 3106 359 3157 in
377 3123 474 3158 rasura
493 3107 520 3158 A
545 3077 638 3158 uineas
656 3105 836 3166 Heinsianna·
861 3106 1025 3176 culpabatur
1043 3122 1111 3159 uoce
1129 3122 1168 3170 ac,
1195 3106 1268 3175 qnod
1283 3106 1368 3159 nihili

330 3209 384 3243 csse
403 3195 428 3243 et
445 3191 554 3243 acerbam
572 3191 724 3244 desiderari
739 3196 809 3244 recte
822 3191 886 3244 otim
898 3191 997 3261 scripsi
1006 3191 1113 3261 crineque
1125 3191 1271 3244 sententiae
1283 3211 1366 3262 qnam

329 3295 406 3330 nenio
424 3278 589 3345 superiorum
603 3282 780 3347 perspexerat
797 3278 942 3342 declarant,
963 3278 1009 3330 sed
1026 3278 1056 3331 in
1068 3278 1231 3331 emendando
1247 3276 1363 3344 (uideat)

331 3363 469 3427 aberrata,
497 3364 568 3431 qaod
585 3363 704 3431 facilins
721 3369 779 3416 erat
801 3365 993 3433 reprehendere
1012 3367 1049 3429 (nt
1065 3381 1109 3416 eos
1126 3364 1239 3416 inarime
1257 3365 1368 3418 decebat

331 3447 378 3516 qai
400 3447 471 3499 nihil
492 3448 546 3516 c'psi
562 3448 702 3517 probabile
726 3450 844 3519 reperire
863 3454 983 3518 poscant)
1009 3468 1088 3519 qnam
1112 3448 1185 3502 uiam
1206 3449 1368 3504 inueniendi

330 3532 390 3586 neri
400 3538 557 3586 nronstrare.
577 3535 744 3605 Hoffmanni
755 3535 944 3598 coniecturam,
962 3537 1031 3602 quod
1045 3539 1140 3605 postca
1159 3535 1294 3606 capritana
1312 3543 1363 3601 est,

329 3624 458 3673 corrector
475 3619 624 3673 Heinsiani
639 3621 787 3691 occupauit.
806 3623 837 3674 de
854 3623 956 3690 reliqna
975 3622 1096 3675 oratione
1108 3621 1199 3675 dubito
1211 3640 1246 3674 an
1259 3621 1367 3692 intepra

329 3707 378 3759 sit:
398 3706 434 3758 ad
450 3723 535 3758 nicam
549 3705 698 3774 pristinam
716 3706 867 3777 opinionem
881 3709 1030 3761 ablatinam
1042 3707 1188 3761 absolutam
1200 3707 1368 3762 restituentis

330 3793 455 3845 accedens
467 3792 652 3863 Hoffmannns
664 3792 734 3858 [sint]
750 3809 896 3863 corporum
909 3795 1058 3848 certatione
1071 3833 1078 3847 .
1091 3833 1097 3847 .
1110 3793 1181 3847 circo
1194 3793 1365 3861 constitutis,

330 3895 428 3940 cauea3
439 3881 632 3944 Mornnrsenns,
643 3879 706 3931 itant
714 3879 865 3933 Urlichsias
877 3880 936 3934 sine
948 3898 1093 3951 corporum
1105 3879 1255 3933 certatione
1267 3920 1273 3933 .
1283 3921 1289 3934 .
1300 3897 1367 3934 eon·

331 3963 436 4018 stitutis
455 3981 548 4029 cauea,
569 3965 639 4034 quod
656 3965 723 4035 lepis
740 3967 866 4034 formata
885 3967 1066 4020 commendari
1082 3967 1190 4020 nidctur
1293 3965 1368 4019 flde-

329 4064 404 4120 libus
420 4085 480 4120 corr
497 4066 603 4120 fidibus
614 4069 642 4120 B
747 4075 761 4120 5
780 4035 850 4139 tybif
863 4069 888 4134 (b
907 4087 967 4123 corr
985 4089 1016 4123 ec
1033 4073 1059 4140 p)
1080 4073 1107 4124 A
1125 4068 1212 4140 rybus
1226 4071 1262 4123 H

331 4168 395 4223 diam
419 4169 499 4223 modo
522 4173 616 4501 AW
660 4146 845 4238 maderi³(mu
867 4189 927 4225 corr
947 4173 976 4226 in
998 4176 1050 4240 mo)
1070 4175 1098 4225 A
1206 4170 1270 4241 lege
1289 4172 1316 4240 (g
1333 4173 1366 4228 in
