2940 4890
248 359 308 421 168
676 371 711 410 111
728 361 753 422 3,
774 361 853 411 8-9

245 538 362 590 testate
383 528 455 610 pari
471 539 692 612 quotcumque
707 542 839 594 senatus
855 534 995 596 creuerit
1009 533 1201 616 populusne
1216 534 1292 598 ius-

246 631 332 708 serit,
358 642 405 694 tot
427 642 533 694 sunto.

311 735 415 818 Regio
443 735 581 818 imperio
608 736 673 799 duo
699 748 812 814 sunto,
844 738 933 821 iique
961 745 1164 823 praeeundo,
1194 746 1292 810 iudi—

247 839 360 913 cando,
386 839 587 902 consulendo
609 850 780 922 praetores,
805 841 939 918 iudices,
962 846 1112 909 consides
1135 849 1291 931 appella-

215 941 352 1022 5mino:
377 941 514 1004 militiae
536 964 703 1005 summum
725 943 775 1006 ius
797 943 952 1023 habento,
978 948 1104 1011 nemini
1126 963 1289 1033 parento:

247 1045 320 1108 ollis
343 1045 431 1107 salus
452 1045 568 1128 populi
590 1067 742 1128 suprema
764 1047 819 1109 lex
841 1059 917 1111 esto.

311 1147 475 1210 Eumdem
497 1148 738 1232 magistratum,
762 1149 798 1211 ni
820 1151 1031 1215 interfuerint
1054 1154 1170 1218 decem
1194 1159 1320 1221 anniti

247 1274 289 1314 ne
312 1251 385 1332 quis
408 1251 528 1334 capito:
553 1251 730 1314 acuitatem
752 1253 864 1314 annali
886 1254 958 1338 lege
980 1268 1142 1320 seruanto.

311 1356 372 1417 Ast
394 1355 525 1436 quando
548 1355 698 1417 duellum
718 1357 852 1439 grauius
877 1357 1079 1440 arauioresue
1103 1361 1290 1427 discordiae

205 1497 230 1537 n
248 1458 373 1521 ciuium
395 1467 519 1532 escunt,
544 1479 647 1521 oenus
669 1480 712 1520 ne
735 1458 875 1541 amplius
897 1483 954 1523 sex
977 1483 1112 1540 mansee,
1137 1465 1166 1526 si
1189 1488 1292 1528 sena-

247 1573 300 1625 tus
324 1560 476 1637 creuerit,
501 1561 590 1623 idem
612 1561 693 1623 iuris
716 1562 803 1643 quod
826 1562 891 1625 duo
913 1565 1064 1628 consules
1085 1576 1215 1646 tenebo,
1243 1570 1291 1632 is-

248 1687 311 1748 que
339 1687 400 1727 aue
427 1663 558 1726 sinistra
588 1663 694 1726 dictus
723 1664 837 1746 populi
865 1666 1019 1749 magister
1048 1679 1130 1747 esto,
1155 1672 1290 1754 equita-

248 1924 348 1976 cumq,
369 1907 398 1958 in
410 1872 633 1975 momumento,
647 1922 695 1958 suo
708 1904 831 1974 periculo
848 1905 894 1956 sed
904 1923 1004 1974 praue,
1018 1909 1055 1959 H
1070 1867 1073 1873 1
1148 1911 1164 1960 2
1183 1907 1289 1964 sunto*

249 1995 273 2056 (o
291 2011 305 2044 e
323 1995 392 2056 corr)
411 1993 439 2043 A
573 1992 588 2041 3
605 2007 673 2060 prae
690 1990 797 2044 aeundo
815 1991 844 2043 Β
860 1992 1044 2060 preeunssldo
1062 1996 1090 2046 A
1107 1995 1237 2063 beunrdo
1256 2000 1296 2051 Η

248 2113 264 2148 a
281 2094 438 2165 praeeundo
455 2093 588 2148 Dauisius
691 2096 708 2144 4
722 2091 877 2147 consuendo
890 2095 947 2149 AB
961 2073 1142 2160 adsuetudo,
1162 2097 1192 2150 in
1208 2117 1291 2171 mara

247 2175 441 2261 ‘consulenda
458 2197 627 2250 Heinsianus
731 2195 912 2267 appellamrno
926 2199 954 2251 Β
971 2197 1164 2268 appellantoss
1185 2201 1246 2264 (nro
1260 2203 1290 2256 in

248 2287 360 2348 rasura)
380 2288 408 2338 A
430 2281 595 2354 apellamlno
619 2301 680 2337 corr
696 2287 728 2335 ut
743 2282 853 2335 uidetur
871 2283 1011 2354 apellanto
1029 2285 1066 2338 H
1086 2283 1291 2355 appellammoe

249 2370 385 2441 Berakius
408 2369 444 2434 (in
462 2367 602 2439 Philoloqo
616 2371 655 2432 14,
674 2371 729 2432 186)
843 2372 859 2422 6
877 2367 942 2423 ollis
961 2370 998 2422 R.
1010 2369 1163 2438 Stephanus
1180 2371 1246 2426 orus
1262 2377 1291 2428 B

249 2456 313 2511 *rus
329 2461 352 2524 (o
371 2459 455 2520 nasa)
469 2459 497 2509 A
517 2454 657 2519 (Halmius
675 2459 771 2520 euram
788 2441 837 2507 'ius
853 2454 890 2519 (in
908 2474 986 2526 rnarq
999 2453 1081 2519 ''hu1')
1100 2455 1137 2507 H
1239 2477 1290 2529 po-

249 2543 309 2616 puli
327 2543 456 2597 editiones
473 2539 577 2612 populo
594 2541 689 2594 ABH
701 2539 815 2611 populoi
833 2541 1049 2610 Feldbueyeliua
1069 2541 1141 2611 quod
1155 2543 1207 2596 uie
1218 2563 1292 2614 pro-

249 2630 335 2684 babile
352 2635 391 2682 est
495 2625 637 2697 supraema
654 2629 682 2679 A
699 2624 860 2697 suppraema
877 2628 905 2680 Β
922 2624 1067 2705 supprema
1080 2630 1117 2680 H
1209 2628 1290 2684 esto*

251 2719 280 2781 (o
300 2736 313 2770 e
331 2720 403 2780 corr)
426 2716 454 2767 A
576 2716 591 2764 7
610 2730 673 2765 eum
690 2711 725 2765 de
742 2710 950 2789 magistratuum·
964 2711 992 2763 B
1009 2712 1127 2766 eundem
1145 2715 1183 2768 H

250 2817 392 2889 rnilfuenr
402 2821 431 2871 A
544 2790 763 2895 minterifuerir
774 2817 811 2867 H
910 2817 925 2867 8
942 2813 1021 2884 leges
1035 2818 1092 2870 AB
1107 2814 1186 2886 leges
1197 2820 1291 2872 Hein-

248 2924 341 2977 sianus
444 2920 574 2976 seruanro
593 2917 636 2972 ast
653 2918 763 2988 quando
783 2917 951 2972 Heinsianus
969 2915 1085 2972 seruant
1101 2937 1118 2973 a
1136 2918 1291 2991 siquando

250 3010 279 3062 Β
296 3006 498 3063 seruanrosser
515 3006 626 3077 quando
645 3009 669 3071 {o
688 3010 714 3058 et
730 3022 767 3074 qu
786 3023 799 3056 e
816 3022 878 3057 corr
889 3003 935 3056 sed
952 3022 983 3057 er
1000 3022 1083 3057 manu
1097 3010 1143 3075 pr)
1155 3009 1183 3059 A

251 3098 266 3147 9
285 3095 464 3164 grauioresue
482 3091 590 3148 addidit
608 3094 789 3145 Mommsenus
808 3090 870 3154 (iun.
880 3090 957 3159 publ.
972 3092 1003 3154 2,
1020 3092 1076 3156 140)
1096 3093 1156 3145 coll.
1172 3093 1290 3147 Claudio

251 3180 280 3233 in
292 3181 346 3235 tab.
359 3181 485 3249 Duqdun.
503 3181 526 3243 1,
541 3180 574 3231 28
588 3175 754 3231 ‘dictaturae
772 3175 824 3229 hoc
841 3176 900 3245 ipso
919 3174 1059 3229 consulari
1076 3177 1223 3247 imperium
1240 3197 1291 3232 ua-

249 3266 353 3321 lentius
370 3272 510 3336 repertum
526 3262 601 3335 apud
619 3265 736 3317 maiores
753 3268 863 3315 nostros
881 3277 935 3330 quo
952 3260 983 3312 in
1000 3261 1187 3331 asperioribus
1205 3262 1292 3318 bellis

251 3358 300 3404 aut
317 3352 346 3404 in
363 3349 440 3404 ciuili
457 3357 533 3404 motu
552 3349 709 3403 difficiliore
727 3345 892 3401 uterentur.’
914 3353 963 3400 aut
980 3346 1133 3400 discordiae
1149 3347 1292 3402 Turnebus

251 3452 442 3508 discordiaeue
460 3453 618 3517 deteriores,
640 3451 788 3506 Lambinus
905 3452 936 3502 10
955 3424 1105 3503 escuniH
1156 3450 1158 3452 ’
1214 3468 1291 3506 unus

251 3539 400 3593 Lambinus
413 3543 498 3609 (quem
510 3539 621 3592 eundem
633 3543 727 3607 postea
739 3554 825 3591 oenus
838 3536 979 3590 coniecisse
988 3538 1090 3602 ferunt)
1104 3533 1172 3589 ones
1181 3537 1290 3600 ABE,-

251 3626 281 3679 in
299 3630 326 3677 A
344 3625 374 3679 in
391 3625 512 3697 maryine
530 3624 642 3694 antiqua
660 3640 741 3676 manu
758 3621 795 3675 ad
810 3623 881 3675 buna
898 3639 1005 3675 uersum
1023 3639 1059 3675 ue
1077 3619 1160 3674 sunto
1177 3621 1293 3675 sirecte

252 3713 414 3781 interpretor
425 3711 563 3780 euentum,
577 3711 631 3764 iae.
645 3725 680 3763 ne
692 3706 773 3762 sunto
787 3712 828 3773 (ne
841 3695 865 3772 f)
878 3713 909 3761 ut
919 3709 1029 3762 uidetur
1040 3708 1077 3760 ad
1089 3704 1157 3760 ones
1165 3707 1292 3778 adsump-

253 3804 317 3862 tum,
328 3798 419 3867 itaque
432 3793 544 3850 escunro
557 3813 592 3849 ne
604 3793 686 3848 sunto
695 3795 869 3848 Monacensis
943 3791 1069 3847 mensessr
1082 3797 1105 3858 (e
1117 3796 1179 3844 arete
1191 3789 1205 3844 s
1215 3812 1290 3858 corr,

253 3883 344 3937 sante
362 3901 372 3935 1
390 3903 407 3936 a
425 3899 485 3935 corr
502 3882 563 3944 add)
583 3884 610 3932 A
720 3884 748 3933 11
768 3888 861 3935 teneto
884 3878 1021 3934 Turnebus
1037 3895 1181 3931 renunto·
1200 3880 1229 3931 B
1245 3897 1293 3932 re-

253 4005 359 4040 nunro*
376 3986 423 4042 sed
438 4005 454 4040 o
472 4005 486 4038 e
504 4002 564 4038 corr
581 3984 652 4053 [fuit
668 4000 774 4036 renunt
791 3991 814 4048 o]
835 3986 863 4036 A
879 3955 1017 4049 renuni⁰o
1034 3982 1071 4032 H
1172 3982 1203 4032 12
1223 3981 1295 4035 aues

252 4071 351 4125 mrsrra
363 4072 455 4126 ABH
531 4069 704 4140 equitemque
715 4069 764 4139 qui
777 4077 855 4138 regat
869 4068 1007 4121 Turnebus
1020 4065 1172 4134 equitatum
1184 4065 1234 4134 qui
1246 4085 1292 4120 re-

253 4165 300 4227 gat
321 4159 455 4211 &deuius
473 4155 679 4226 equitatumque
697 4156 746 4224 qui
763 4160 841 4222 regat
861 4152 979 4208 Orelbius
1000 4166 1293 4220 aequitaremcumquc
