3030 4876
654 394 815 434 pacurano
1214 404 1251 447 IX

221 566 259 618 ut
281 566 465 638 temporum
486 553 607 617 iniuria
635 555 799 637 culpanda
820 553 876 631 sit,
907 576 972 636 qua
999 576 1058 637 per
1083 554 1254 619 interitum

221 675 457 738 nonnullorum
487 673 656 758 archetypi
684 673 804 738 codicis
832 672 985 737 foliorum
1007 686 1074 738 tam
1103 675 1139 738 in
1162 676 1253 741 exitu

221 794 327 878 operis
350 816 369 856 a
391 795 548 858 Cicerone
571 794 704 877 quidem
726 794 867 858 absoluti
891 816 989 877 quam
1015 793 1051 857 in
1074 797 1189 860 mediis
1211 797 1253 859 li-

220 915 287 979 bris
309 915 538 998 superstitibus
566 914 703 978 maiores
732 913 916 977 minoresue
943 926 1050 997 partes
1077 915 1254 980 intercide-

221 1035 301 1098 rint:
334 1035 451 1098 deinde
474 1045 600 1098 utnon
623 1045 690 1098 tam
712 1034 935 1098 inconsultum
957 1035 1145 1099 correctoris
1168 1037 1255 1099 arbi-

221 1154 322 1218 trium
356 1177 454 1238 quam
486 1154 726 1218 inconsiderata
761 1154 968 1218 librariorum
1003 1155 1131 1218 incuria
1167 1156 1253 1219 hauc

222 1274 363 1359 speciem
385 1275 570 1358 procrearit,
596 1275 652 1357 qui
674 1276 710 1337 in
733 1296 805 1337 eam
827 1274 969 1338 maxime
991 1287 1117 1359 partem
1136 1297 1254 1360 pecca-

221 1396 338 1474 uerint,
365 1406 402 1459 ut
424 1395 603 1458 earundem
625 1394 824 1458 similiumue
847 1417 967 1458 uocum
983 1407 1041 1459 aut
1055 1397 1254 1479 syllabarum

221 1515 414 1599 repetitione
449 1515 576 1598 decepti
609 1536 706 1578 uoces
743 1514 887 1599 singulas
920 1526 977 1578 aut
1010 1516 1107 1579 etiam
1143 1517 1254 1600 plures

221 1647 319 1718 atque
348 1637 428 1699 adeo
455 1645 538 1698 totas
567 1636 744 1698 sententias
775 1635 945 1698 scribendo
975 1634 1170 1700 omitterent.
1216 1659 1254 1700 ea

221 1755 322 1840 igitur
344 1756 498 1819 medendi
526 1755 582 1818 uia
607 1777 684 1838 prae
712 1755 826 1818 ceteris
850 1756 967 1838 ecquid
993 1755 1128 1819 forsitan
1154 1759 1255 1840 profi-

222 1898 330 1954 cerem
361 1876 564 1960 periclitatus
596 1897 684 1954 sum,
714 1897 812 1958 quam
844 1875 915 1959 ipsa
948 1875 1105 1939 uitiorum
1137 1888 1254 1940 natura

222 1997 450 2059 commendare
473 1995 661 2075 uidebatur,
695 1994 813 2078 quibus
835 1995 929 2057 nulla
951 1995 1171 2078 frequentiora
1193 1997 1254 2060 hos

222 2115 321 2179 libros
344 2137 518 2200 occupasse
532 2117 767 2181 Vossianorum
788 2114 974 2178 testimonia
996 2116 1095 2178 fidem
1117 2115 1253 2180 faciunt,

223 2236 450 2318 opinationum
465 2246 576 2299 autem
591 2235 777 2321 congeriem
797 2237 838 2300 iis
860 2235 982 2298 finibus
1005 2235 1252 2319 circumscripsi,

223 2367 261 2419 ut
282 2378 335 2419 eas
356 2378 512 2439 ponerem
535 2379 622 2440 quas,
648 2357 708 2420 etsi
730 2380 847 2420 uerum
869 2357 925 2419 uel
949 2355 1020 2418 ueri
1040 2366 1167 2439 partem
1187 2378 1254 2420 non

223 2499 291 2540 esse
313 2487 478 2540 assecutae
500 2477 704 2553 uiderentur,
729 2487 840 2540 tamen
869 2498 937 2539 non
965 2475 1035 2539 sine
1061 2475 1172 2538 fructu
1194 2476 1255 2537 ali-

223 2619 287 2681 quo
310 2595 493 2660 accuratius
515 2598 673 2680 perpendi
695 2597 876 2660 arbitrarer.
912 2596 1131 2679 quoniamque
1153 2617 1172 2657 a
1194 2617 1255 2658 no-

223 2718 364 2781 uissimis
393 2717 584 2794 editoribus,
613 2717 763 2795 Halmio,
788 2717 933 2794 Baitero,
967 2736 1105 2798 quorum
1131 2715 1254 2778 iudicio

223 2838 366 2900 multum
392 2837 535 2900 tribuere
568 2837 670 2916 soleo,
706 2836 842 2919 aliisque
877 2835 957 2899 uiris
991 2836 1093 2900 doctis
1126 2835 1255 2919 saepius

223 2957 306 3020 mihi
328 2957 562 3020 discedendum
585 2980 653 3021 esse
676 2957 761 3036 uid,
793 2956 859 3020 mei
880 2956 1014 3040 pudoris
1037 2978 1105 3018 esse
1127 2954 1251 3039 putaui,

223 3100 335 3141 eorum
363 3076 539 3141 sententias
567 3076 632 3141 nisi
662 3077 842 3140 rationibus
875 3076 981 3140 allatis
1014 3099 1082 3139 non
1111 3076 1254 3139 relicere.

223 3198 311 3282 quod
332 3197 520 3262 institutum
537 3219 613 3261 cum
627 3198 786 3260 breuitate
808 3197 854 3260 ita
869 3197 970 3277 tenui,
995 3207 1033 3259 ut
1051 3195 1256 3279 recognitum

223 3341 242 3381 a
265 3340 317 3381 me
339 3328 468 3381 textum
488 3317 609 3400 passim
631 3317 831 3401 argumentis
853 3329 886 3380 et
908 3315 1066 3400 exemplis
1092 3316 1256 3378 declarare

224 3449 321 3520 atque
344 3439 535 3501 confirmare
558 3438 731 3501 studerem.

287 3611 415 3673 Dabam
430 3608 646 3673 Vindobonae
662 3631 738 3672 non.
755 3608 968 3692 Septembrib.
986 3630 1013 3670 a.
1030 3626 1218 3670 uncocnxx.
