3030 4876
299 1663 637 1744 PRAEFATIO
666 1662 858 1743 NOVAE
886 1662 1198 1745 EDITIONIS

294 1975 395 2059 Haec
411 1996 512 2058 altera
527 1995 693 2060 Ciceronis
708 1998 835 2080 Legum
858 1996 964 2072 editio,
992 2018 1011 2056 a
1030 2019 1081 2059 me
1099 1997 1263 2079 perinuito

234 2138 296 2179 nec
311 2116 376 2179 nisi
391 2115 533 2178 instante
545 2116 755 2198 redemptore,
770 2116 824 2177 cui
835 2115 897 2178 hoc
913 2113 1059 2177 officium
1071 2117 1182 2178 deberi
1197 2139 1264 2179 non

234 2258 327 2320 posse
350 2235 582 2319 intelligebam,
606 2246 727 2319 parata,
750 2235 829 2317 quid
852 2257 871 2296 a
891 2235 998 2318 priore
1022 2235 1119 2298 distet
1142 2237 1264 2318 quidue

234 2378 340 2419 nouae
356 2356 439 2419 dotis
461 2355 572 2418 afferat
595 2366 633 2418 ut
653 2355 796 2418 breuiter
811 2376 981 2436 exponam,
1000 2356 1194 2419 ordiendum
1214 2359 1265 2420 ui-

235 2477 331 2540 detur
346 2498 365 2538 a
380 2476 491 2539 codice
506 2475 698 2553 Heinsiano,
718 2475 812 2538 cuius
831 2476 983 2538 selectam
999 2498 1098 2558 quam
1113 2478 1192 2539 olim
1208 2479 1264 2539 de-

235 2597 346 2659 deram
368 2597 517 2661 lectionis
540 2596 731 2659 uarietatem
759 2617 849 2658 nunc
879 2596 924 2658 ita
947 2597 1113 2679 suppleui,
1140 2598 1264 2660 utiam

235 2738 347 2780 omnes
370 2717 440 2780 eius
469 2717 648 2800 scripturae
670 2716 705 2779 in
728 2715 937 2780 adnotatione
966 2717 1130 2800 expositae
1151 2718 1264 2801 legan-

235 2847 297 2899 tur.
326 2859 402 2899 eum
430 2838 551 2900 librum
578 2848 649 2901 tum
677 2859 753 2900 cum
777 2837 840 2898 duo
863 2836 1037 2899 Vossianos
1060 2839 1265 2901 excutiebam

234 2956 333 3020 simul
351 2966 489 3019 tractare
512 2957 697 3020 nolueram:
717 2955 868 3040 quamuis
884 2956 972 3019 enim
988 2977 1054 3017 non
1071 2957 1262 3034 dubitarem,

234 3076 316 3158 quin
338 3076 374 3138 in
396 3077 458 3140 hoc
482 3076 591 3139 codice
613 3078 700 3149 idem
724 3071 905 3152 accidisset,
919 3074 1018 3158 'quod
1040 3075 1076 3136 in
1098 3077 1265 3140 Vossianis

235 3219 298 3261 usu
320 3208 473 3280 expertus
497 3217 592 3272 eram,
618 3208 655 3260 ut
677 3197 713 3259 in
736 3195 948 3278 excerpendis
970 3193 1165 3258 lectionibus
1181 3200 1266 3260 Hal-

234 3318 321 3380 mius
350 3328 382 3380 et
407 3315 556 3379 Baiterus
586 3317 739 3379 nonnihil
769 3315 934 3398 reliquum
962 3312 1129 3392 fecissent,
1155 3326 1265 3380 tamen

234 3437 298 3500 hoc
320 3459 388 3500 non
410 3435 494 3500 tanti
509 3457 577 3498 esse
593 3435 818 3512 existimaram,
837 3448 875 3498 ut
889 3456 1061 3518 operosum
1076 3436 1267 3500 conferendi

235 3558 404 3643 negotium
432 3555 626 3620 sustinerem
654 3555 691 3616 in
717 3578 754 3619 eo
778 3555 874 3633 libro,
901 3555 993 3617 cuius
1017 3577 1099 3637 quae
1126 3558 1206 3620 fides
1234 3570 1266 3620 et

236 3678 361 3741 utilitas
390 3687 487 3755 esset,
519 3699 560 3739 ex
580 3675 708 3738 Halmii
739 3675 979 3738 commentariis
1009 3676 1085 3738 satis
1115 3678 1266 3760 cognosci

235 3821 329 3882 posse
344 3798 531 3861 arbitrabar.
553 3807 665 3880 postea
680 3818 707 3857 a.
724 3815 926 3858 unoccnxxv
941 3796 1099 3879 singulari
1120 3797 1266 3859 uirorum

237 3918 441 4003 egregiorum
456 3917 513 4001 qui
527 3917 743 3981 bibliothecae
759 3915 913 3979 Leidensi
935 3928 1091 3999 praesunt
1112 3917 1267 3978 humani-

237 4048 304 4116 tate
326 4061 404 4102 usus
427 4037 572 4102 codicem
590 4037 656 4099 huc
672 4035 898 4099 transmissum
913 4036 1050 4119 inspexi,
1072 4059 1109 4099 eo
1125 4037 1266 4099 maxime

238 4158 381 4238 consilio,
407 4169 444 4222 ut
459 4180 541 4241 quae
556 4155 729 4221 Halmium
751 4166 808 4218 aut
823 4155 991 4219 Baiterum
1013 4177 1081 4218 non
1104 4167 1190 4218 recte
1211 4167 1268 4218 aut
