2940 4890
249 399 309 460 192
609 408 644 448 m
663 397 703 459 13,
725 397 753 446 31
775 425 809 433 -
829 397 869 459 14,
890 396 923 446 32

246 569 348 651 signis
371 579 403 630 et
426 568 545 631 tabulis
568 567 709 644 refertas
731 567 851 651 partim
873 567 1022 651 publicis
1040 566 1161 649 partim
1185 568 1285 630 etiam

247 672 345 735 saeris
367 682 399 734 et
420 671 602 754 religiosis?
617 671 689 753 quis
711 692 779 734 non
801 670 967 754 frangeret
981 691 1095 732 eorum
1117 669 1282 747 libidines,

247 775 311 838 nisi
333 775 383 836 illi
406 775 476 858 ipsi,
496 775 552 857 qui
568 796 621 837 eas
643 774 791 858 frangere
808 775 971 850 deberent,
991 772 1181 856 cupiditatis
1198 773 1285 837 eius-

247 879 322 942 dem
337 881 543 941 tenerentur‘l
558 899 619 940 nec
635 878 723 941 enim
738 888 867 940 tantum
882 876 960 939 mali
976 886 1024 939 est
1038 897 1175 959 peccare
1191 877 1285 960 prin-
1297 877 1332 942 14

217 1002 230 1042 5
249 981 349 1064 cipeS,
372 1002 570 1064 quamquam
586 992 634 1044 est
649 1003 806 1065 magnum
820 980 882 1042 hoc
902 1002 961 1062 per
976 1000 1009 1042 se
1024 979 1134 1062 ipsum
1149 980 1284 1058 malum,

249 1095 409 1166 quantum
424 1083 516 1162 illud,
538 1085 625 1167 quod
644 1084 800 1167 permulti
815 1084 995 1146 imitatores
1009 1082 1201 1166 principum
1216 1082 1288 1146 exi-

248 1198 347 1251 stunt.
378 1210 455 1250 nam
482 1188 560 1251 licet
588 1187 715 1265 uidere,
744 1187 771 1249 si
798 1187 880 1250 uelis
907 1187 1064 1270 replicare
1093 1187 1287 1250 memoriam

248 1302 444 1375 temporum,
468 1292 722 1374 qualescumque
744 1291 864 1354 summi
887 1289 1030 1353 ciuitatis
1060 1291 1125 1352 uiri
1151 1289 1284 1368 fuerint,

248 1395 347 1457 talem
364 1395 532 1457 ciuitatem
554 1394 670 1472 fuisse3
689 1415 913 1477 quaecumque
937 1393 1074 1456 mutatio
1097 1415 1228 1457 morum
1250 1393 1286 1456 in

207 1517 231 1557 10
248 1498 453 1581 principibus
469 1497 620 1576 extiterit,
647 1498 784 1561 eandem
806 1498 842 1559 in
861 1497 983 1580 populo
1006 1507 1162 1559 secutam.
1186 1497 1286 1580 idque
1296 1501 1330 1556 32

246 1601 336 1664 haud
358 1601 456 1684 paulo
480 1611 528 1664 est
550 1601 660 1664 uerius
686 1623 784 1683 quam
812 1599 899 1682 quod
920 1600 1053 1662 Platoni
1078 1610 1190 1662 nostro
1211 1600 1285 1683 pla-

247 1715 306 1782 cet,
325 1705 381 1788 qui
404 1704 604 1767 musicorum
625 1704 774 1767 cantibus
797 1703 843 1767 ait
865 1703 998 1766 mutatis
1019 1703 1142 1766 mutari
1166 1703 1285 1768 ciuita-

247 1816 320 1869 tum
342 1818 458 1870 status.
484 1829 543 1892 ego
564 1818 674 1870 autem
696 1807 857 1870 nobilium
881 1806 951 1869 uite
973 1806 1131 1889 uictuque
1158 1816 1284 1869 mutato

247 1931 351 1972 mores
380 1909 500 1972 mutari
526 1909 699 1973 ciuitatum
724 1921 819 1993 puto;
849 1931 913 1992 quo
939 1908 1155 1992 perniciosius
1182 1909 1222 1972 de
1251 1932 1284 1973 re

205 2031 230 2070 15
254 2013 387 2096 publica
406 2024 573 2075 merentur
595 2013 705 2076 uitiosi
719 2012 892 2097 principes,
915 2013 1002 2095 quod
1020 2033 1088 2074 non
1104 2012 1211 2074 solum
1234 2011 1285 2074 ui-

248 2116 293 2178 tia
316 2115 508 2198 concipiunt
529 2117 601 2201 ipsi,
626 2118 683 2180 sed
706 2140 744 2181 ea
765 2099 949 2180 infundunt
969 2115 1006 2178 in
1022 2114 1200 2191 ciuitatem,
1226 2137 1285 2176 ne-

249 2242 311 2302 que
335 2219 441 2281 solum
463 2220 595 2299 obsunt,
621 2222 707 2303 quod
733 2221 797 2304 ipsi
819 2229 1083 2302 corrumpuntur,
1108 2217 1286 2281 sedetiam

248 2324 336 2405 quod
359 2334 573 2406 corrumpunt
600 2324 739 2407 plusque
762 2324 911 2407 exemplo
936 2343 1035 2405 quam
1057 2330 1193 2404 peccato
1224 2341 1285 2384 no—

248 2437 333 2489 cent.
348 2438 445 2508 stque
460 2425 543 2488 haec
557 2426 619 2504 lex,
635 2426 769 2489 dilatato
783 2426 820 2489 in
831 2425 980 2489 ordinem
998 2433 1166 2503 cunctum,
1184 2445 1285 2487 coan-

251 2566 262 2614 1
283 2562 399 2616 refertas
418 2563 547 2615 editiones
565 2548 691 2631 repertas
705 2565 761 2617 AB
888 2564 903 2614 2
923 2559 986 2630 quil
1000 2563 1020 2612 1“1
1035 2527 1224 2628 ἲτθηςθτδῖᾰη
1241 2544 1285 2613 ro·

248 2667 313 2702 suro
331 2651 360 2701 A
463 2645 860 2712 ÷eorumhb1drmitcorrell
879 2647 931 2701 mir
948 2645 990 2699 illi
1007 2643 1060 2716 1ps1
1078 2662 1126 2715 qm
1145 2642 1194 2699 eol
1209 2644 1284 2699 fran-

249 2751 313 2802 gere
330 2732 360 2785 in
378 2738 450 2786 testu
468 2733 566 2786 omisso
584 2733 613 2785 in
631 2733 683 2784 imo
703 2735 825 2805 morqine
844 2751 941 2787 manus
962 2733 1074 2802 antiquo
1099 2733 1193 2785 eadem
1216 2749 1285 2802 quae

248 2820 298 2872 itta
316 2820 346 2872 in
364 2821 420 2873 ioco
438 2838 499 2872 roso
517 2817 627 2888 scripsit
644 2818 673 2870 in
692 2820 720 2871 A
740 2836 788 2873 eor
803 2818 930 2872 hbrdrml'
947 2820 975 2872 B
1084 2818 1099 2867 3
1119 2815 1288 2886 cupiditatis

248 2903 341 2957 emsde
360 2906 388 2957 B
405 2902 587 2975 eupsidnsus
603 2901 724 2957 eiusdem
741 2907 767 2956 A
788 2903 988 2975 cupiditatibus
1007 2903 1111 2958 eisdem
1128 2903 1281 2966 ἀείονίονθε,

249 2990 405 3053 Lambinus,
426 3008 500 3060 picem
513 2990 644 3045 Halmius
662 2996 686 3042 et
704 2991 834 3044 Baiterus
851 2996 1006 3060 sequuntur,
1026 2990 1072 3043 ssd
1090 2990 1185 3060 censer
1201 2989 1284 3050 Quin-

248 3076 375 3129 tilianum
393 3077 463 3129 Inst.
484 3095 523 3129 or.
542 3079 565 3139 5,
584 3078 668 3139 14,11
688 3093 744 3129 non
762 3075 886 3145 quisquis
903 3075 1041 3130 hominem
1059 3072 1169 3138 occidit,
1190 3073 1282 3129 caedis

247 3167 365 3215 tenetur.
454 3165 469 3213 5
488 3179 653 3231 quamquam
671 3168 713 3214 est
730 3162 859 3216 editiones
870 3178 1005 3231 quamque
1024 3160 1066 3215 est
1078 3161 1107 3213 A
1124 3160 1245 3230 quilque
1256 3159 1283 3213 B

351 3249 367 3298 6
383 3246 493 3318 pmulse
510 3245 667 3321 imitatores
683 3247 711 3300 B
729 3246 833 3319 pmuln
849 3245 1017 3314 smnstsorcl
1031 3246 1078 3299 sed
1094 3262 1175 3298 muts
1192 3245 1224 3299 in
1239 3263 1283 3300 ra·

247 3349 312 3384 soro
330 3334 358 3383 A
467 3336 480 3384 7
500 3331 605 3399 [mellis
620 3335 648 3386 B
748 3335 778 3385 10
798 3350 946 3386 eximens
964 3331 986 3399 (s
1000 3335 1086 3398 erasa)
1106 3333 1134 3384 A
1244 3347 1283 3384 sc·

247 3422 338 3469 cutam
348 3419 385 3472 R.
402 3419 552 3487 Stephanus
571 3415 727 3471 secuturam
738 3421 766 3469 A
777 3417 873 3472 securis
882 3420 911 3471 B
998 3419 1027 3469 11
1042 3415 1118 3470 houd
1130 3413 1217 3486 paulo
1229 3416 1282 3471 edi-

248 3503 333 3554 tiones
352 3521 403 3554 aur
420 3502 502 3572 paulo
516 3505 571 3556 AB
656 3485 771 3556 'nostro
790 3488 851 3557 eorl·
867 3522 903 3557 no
915 3505 943 3557 A
1045 3500 1157 3556 Platoni
1174 3508 1280 3566 nostro,

248 3587 293 3639 eui
308 3588 408 3640 seilicet
425 3588 494 3642 illud
512 3607 611 3658 quoqne
625 3590 740 3658 placuit,
761 3591 790 3643 id
808 3592 879 3660 quod
894 3607 965 3642 nune
983 3588 1104 3644 obliuisci
1117 3587 1230 3641 uidetur
1241 3586 1284 3642 ci·

248 3691 317 3737 cero,
338 3675 383 3726 sed
400 3674 492 3727 scribit
510 3675 567 3743 ipse
585 3675 621 3727 od
630 3667 706 3741 famJ
721 3676 744 3738 1,
759 3678 784 3740 9,
801 3678 832 3728 12
849 3676 917 3728 haec
935 3672 1180 3728 animaduertenda
1198 3672 1230 3727 in
1246 3672 1283 3727 ci-

247 3758 342 3822 nitate,
358 3775 428 3827 quae
440 3768 504 3812 sunt
517 3759 591 3829 apud
602 3758 745 3812 Platonem
756 3768 882 3815 nostrum
897 3761 938 3827 [de
947 3763 1017 3836 tepp.
1031 3763 1057 3825 4,
1073 3760 1121 3811 711
1136 3758 1161 3824 b]
1180 3758 1284 3830 scripto

248 3843 391 3908 diuinitus,
413 3844 508 3913 quales
526 3846 555 3898 in
573 3844 730 3915 republica
748 3846 886 3916 principes
905 3854 1004 3911 essent,
1023 3844 1094 3900 tales
1105 3842 1231 3915 reliquos
1242 3862 1285 3900 so·

246 3929 305 3983 lere
323 3947 382 3983 esse
395 3930 483 3994 ciues3
506 3933 598 4000 [neque
612 3933 752 4000 quicquain
764 3932 793 3984 in
805 3932 847 3984 tis
858 3932 975 3985 monebit
991 3931 1039 4002 qni
1053 3931 1192 3985 Ciceronis
1204 3948 1284 4002 queam

246 4016 426 4069 inemorobiiis
434 4035 631 4087 sionnunsqnom
640 4016 739 4069 obliuio
742 4018 835 4085 fuerit
843 4017 1038 4071 reminiscetur:
1050 4019 1192 4089 consmut
1200 4034 1284 4072 unum

247 4105 366 4173 afferam,
386 4103 462 4157 Tnse.
478 4104 502 4166 3,
520 4105 559 4166 17,
575 4104 617 4166 36]
742 4103 772 4153 13
791 4119 869 4156 tuctu
887 4120 959 4172 quse
976 4103 1003 4154 B
1126 4104 1160 4155 14
1176 4120 1284 4176 pusno-

246 4203 304 4258 sius
324 4208 352 4259 B
493 4208 523 4258 16
546 4203 720 4260 consumunt
743 4206 771 4258 B
910 4209 941 4259 19
966 4178 1054 4260 maii
1075 4211 1102 4260 A
