3030 4876
506 356 517 428 i
537 378 578 439 13,
599 378 632 429 ss
650 407 684 417 -
703 378 744 440 14,
766 379 798 428 40
1128 383 1166 442 41

135 550 302 634 paulisper
324 539 486 612 facessant
508 570 666 633 rogemus.
690 549 962 632 perturbatricem
984 560 1094 613 autem
1110 550 1170 612 ha-

136 675 211 716 rum
237 652 387 717 omnium
414 672 524 715 rerum
545 651 765 729 Academiam,
793 652 880 714 hanc
907 654 947 717 ab
969 653 1115 716 Arcesila
1137 665 1170 717 et

135 757 306 822 Carneade
328 766 503 833 recentem,
529 775 700 817 exoremus
723 765 762 818 ut
787 755 893 818 sileat:
910 746 1001 839 'nam
1022 756 1050 818 si
1072 756 1169 819 inua-

136 859 215 924 serit
241 860 279 922 in
304 859 394 937 haec,
420 879 503 941 quae
524 856 602 920 satis
624 857 704 921 scite
726 859 821 922 nobis
843 858 1003 921 instructa
1025 869 1058 922 et
1080 880 1169 922 com-

135 963 242 1048 posita
263 961 429 1039 uidentur,
454 959 572 1023 nimias
593 960 669 1022 edet
691 961 817 1024 ruinas:
842 983 938 1044 quam
962 961 1096 1044 quidem
1111 981 1170 1046 ego
1201 982 1213 1019 5

84 1028 267 1176 {Oplacare
296 1064 406 1149 cupio,
436 1085 643 1126 summouere
669 1084 737 1125 non
764 1065 877 1128 audeo.
904 1092 922 1127 s
947 1091 965 1128 s
990 1091 1008 1127 s
1030 1086 1108 1127 nam
1133 1075 1171 1156 ¹et

138 1168 176 1231 in
197 1168 238 1231 iis
260 1166 331 1231 sine
353 1167 443 1229 illius
465 1165 663 1230 suffimentis
677 1166 801 1251 expiati
816 1188 942 1230 sumus:
960 1177 993 1230 at
1007 1189 1086 1231 uero
1101 1189 1171 1231 sce
1192 1163 1195 1171 ’

136 1271 244 1334 lemm
269 1270 306 1332 in
331 1269 481 1333 homines
508 1279 606 1352 atque
628 1269 662 1331 in
683 1271 756 1333 deos
778 1270 976 1355 inpietatum
998 1270 1091 1333 nulla
1113 1293 1171 1333 ex-

138 1373 239 1458 piatio
262 1382 322 1450 est;
346 1373 458 1455 itaque
479 1393 602 1455 poenas
624 1372 724 1436 luunt
745 1395 813 1436 non
834 1384 903 1436 tam
925 1373 1065 1449 iudiciis,
1088 1394 1171 1455 quae

138 1477 305 1561 quondam
327 1497 490 1559 nusquam
513 1486 614 1553 erant,
632 1476 730 1539 hodie
745 1475 960 1539 multifariam
975 1475 1068 1538 nulla
1083 1485 1168 1552 sunt,
1190 1493 1214 1533 n

138 1580 197 1644 ubi
219 1589 304 1656 sunt,
329 1588 441 1641 tamen
462 1599 616 1661 persaepe
639 1578 721 1641 falsa
743 1590 828 1656 sunt,
853 1587 901 1642 set
922 1590 960 1642 ut
978 1601 1032 1643 eos
1047 1578 1172 1663 agitent

137 1715 192 1770 lem
211 1734 271 1769 eorr
287 1734 319 1768 ee
336 1732 436 1768 norum
453 1713 558 1768 nullam
574 1719 601 1769 A
625 1733 730 1770 norum
746 1714 823 1769 illam
841 1718 878 1770 H
1000 1720 1012 1769 l
1036 1713 1173 1769 facessant

139 1801 307 1856 Haterianus
325 1799 442 1856 facessat
453 1819 489 1853 ur
500 1803 557 1855 AB
647 1802 755 1855 Nonius
762 1820 793 1872 p.
806 1803 866 1866 307,
882 1804 893 1853 1
914 1802 1050 1856 facessere
1069 1799 1173 1871 signifi-

137 1894 182 1941 cat
198 1886 326 1941 recedere
346 1928 352 1939 .
369 1929 374 1940 .
391 1928 419 1940 ..
445 1885 540 1941 Cicero
560 1886 594 1940 de
614 1886 724 1990 legipus
746 1885 796 1940 lib.
819 1889 830 1938 1
852 1883 1006 1990 ‘phaulisper
1024 1887 1169 1950 facessant,

137 1987 288 2059 rogemus‘
401 2008 454 2042 aur
472 1992 508 2044 H
614 1989 833 2044 2academ1aA
854 1990 1020 2044 academiam
1038 1991 1076 2043 H

138 2073 269 2130 archesrla
285 2076 379 2129 ΑΒΗ
487 2074 602 2130 sfileat
620 2076 790 2129 Heinsianus
806 2073 906 2129 sileant
922 2078 979 2130 AB
1091 2082 1125 2129 aa
1143 2075 1171 2128 in

136 2196 236 2233 rasura
253 2181 281 2231 A
396 2181 413 2230 4
429 2179 466 2232 he
484 2195 538 2248 qua
556 2197 617 2232 corr
633 2153 738 2248 haeiluae
757 2181 785 2233 B
801 2177 852 2261 hec
869 2195 922 2258 que
940 2197 1002 2232 cerr
1018 2185 1050 2232 ut
1065 2179 1174 2233 uidetur

138 2282 171 2318 ee
186 2262 224 2317 ha
241 2281 295 2333 qua
312 2267 339 2317 A
356 2264 409 2317 has
422 2281 475 2344 que
495 2266 546 2318 H·
630 2263 699 2318 l'errs
713 2281 786 2319 seno
809 2263 832 2328 (s
845 2268 958 2330 erasum)
981 2268 1010 2320 B
1030 2264 1101 2319 saul
1115 2281 1172 2318 erra

137 2351 185 2404 secl
202 2367 226 2404 cr
245 2350 275 2402 in
290 2365 387 2402 rasura
399 2353 426 2403 A
438 2350 507 2405 saus
520 2349 573 2431 sne
592 2351 774 2415 Heinsianus;
796 2349 864 2404 scite
881 2350 946 2404 olim
964 2355 1108 2404 correctum
1125 2368 1174 2403 nee

138 2441 177 2490 est
194 2438 265 2506 quod
281 2435 359 2488 aliud
375 2441 521 2505 quaeratur
538 2454 596 2490 mm
615 2436 729 2490 Halmio
854 2435 993 2491 ml'rruete
1015 2437 1041 2490 a
1065 2452 1174 2505 compo-

138 2538 191 2593 site
205 2540 242 2593 H
334 2540 349 2588 5
366 2535 500 2591 mdenrur
514 2539 682 2593 Heinsianus
699 2537 864 2593 arderenrur
876 2542 932 2593 AB
1033 2513 1174 2612 lirinus:

137 2624 250 2678 *rumas
268 2626 291 2688 (r
308 2640 376 2688 corr,
390 2623 452 2694 suit
470 2623 520 2677 ede
537 2623 656 2690 rrumsl')
674 2627 702 2679 B
714 2624 870 2679 srmrssed&
887 2625 917 2678 in
933 2642 1031 2678 rasura
1043 2630 1069 2679 A
1087 2626 1173 2678 rano-v

136 2710 193 2764 nel'·
206 2708 286 2763 dabir
302 2708 404 2762 rumas·
424 2710 462 2762 H
478 2710 540 2780 (qui
554 2711 603 2765 loe
620 2710 706 2764 uoluit
723 2711 864 2764 temerario
882 2715 979 2765 conatu
998 2710 1021 2764 si
1039 2709 1174 2764 inusserit

137 2795 166 2849 in
184 2795 235 2848 has
252 2811 323 2863 quae
347 2810 369 2846 s.
388 2810 410 2846 s.
430 2810 457 2846 n.
477 2793 628 2850 instructae
652 2802 680 2849 et
702 2795 870 2866 compositae
893 2796 1024 2850 uidentur
1040 2795 1170 2862 rationes,

137 2880 214 2935 debit
226 2880 328 2944 ruinas)
341 2899 347 2943 3
364 2879 449 2933 miras
461 2880 524 2934 edet
536 2882 574 2935 R.
588 2881 737 2950 Stephanus
749 2881 864 2936 miseras
876 2881 940 2937 edet
951 2883 1094 2948 Dauisius,
1109 2882 1173 2935 item

138 2966 269 3021 Halmius
287 2970 312 3018 et
328 2966 471 3031 Baliarum
491 2968 538 3020 sed
554 2967 585 3019 de
602 2966 701 3021 nimias
718 2969 746 3022 l.
760 2989 782 3022 e.
797 2968 930 3022 maximas
948 2970 986 3036 ef.
1006 2968 1084 3038 adp.
1099 2970 1141 3031 28,
1156 2970 1172 3021 6

235 3073 251 3122 6
269 3045 377 3139 plecdre
394 3074 422 3122 A
445 3068 553 3149 placere
576 3073 602 3149 (e
620 3074 751 3124 recitatum
769 3071 799 3126 in
817 3076 843 3138 a)
866 3073 895 3125 B
911 3071 1020 3142 placare
1039 3072 1075 3124 H

137 3146 215 3226 cdpro
228 3161 255 3211 A
366 3154 536 3209 summouere
547 3157 613 3210 BH
624 3155 784 3210 *ffimouere
805 3157 860 3223 (sffi
876 3158 907 3211 in
921 3161 1025 3223 rasura)
1042 3160 1069 3210 A

137 3247 198 3295 ante
215 3259 278 3294 nam
291 3242 375 3312 plura
394 3241 561 3296 intercidisse
579 3247 701 3312 apertum
719 3249 771 3307 est;
791 3244 821 3297 in
839 3244 917 3297 libris
934 3244 1036 3296 nullum
1054 3243 1173 3312 desectus

137 3327 267 3381 indicium
377 3326 524 3382 ermussme
536 3331 590 3383 AB
612 3328 664 3394 (sie)
687 3329 713 3382 a
731 3328 815 3399 mlnl'
830 3328 886 3383 sme
899 3330 1067 3384 Heinsianus

139 3411 243 3468 ‘lrlhul
254 3415 349 3467 ΑΒΗ
362 3412 448 3468 ullius
463 3415 600 3468 Turnebus
617 3413 682 3468 ullis
699 3415 880 3481 Camerarius,
896 3415 988 3486 pessis
1005 3415 1088 3468 eliam
1104 3413 1171 3478 illis,

137 3515 230 3570 sedin
248 3521 374 3571 truncata
392 3517 511 3571 eratione
529 3517 638 3587 definiri
654 3518 728 3573 nillil
743 3524 833 3589 polest
956 3491 992 3588 sd
1009 3522 1064 3575 AB
1087 3532 1122 3572 Δτ
1141 3519 1177 3572 H

241 3604 256 3655 8
274 3602 304 3656 in
321 3602 388 3656 deos
407 3602 513 3657 addidit
531 3603 772 3677 Rnfferscleidius
889 3602 1063 3675 impietatum
1080 3604 1173 3659 editio-

137 3706 183 3741 nes
200 3688 342 3744 mdretan’r
354 3689 409 3741 AB
425 3690 473 3742 sed
490 3689 519 3741 in
531 3692 559 3742 A
577 3696 658 3744 eram
676 3691 706 3745 in
723 3710 834 3754 resura;
854 3689 1024 3744 1nd1etetum
1043 3691 1079 3744 H

137 3791 257 3862 9penss
273 3794 309 3846 H
406 3764 498 3846 idiens
511 3795 538 3842 A
645 3796 676 3846 10
695 3793 783 3849 conda
800 3813 861 3848 corr
878 3767 969 3864 qdnda
983 3796 1040 3848 AB
1057 3793 1172 3848 condam

137 3894 197 3932 cerr
214 3877 333 3948 qondam
352 3881 388 3933 H
485 3876 580 3932 nullas
598 3882 625 3932 A
739 3883 768 3933 11
789 3880 838 3934 ubi
857 3886 921 3933 sunt
938 3878 1106 3934 Ascensim
1124 3879 1172 3934 ubi

137 3963 175 4017 fir
185 3965 281 4018 ΑΒΗ
293 3967 340 4019 sed
352 3972 417 4036 pasl
433 3984 449 4019 τ
466 3965 496 4020 in
510 3967 539 4018 Α
557 3966 663 4020 litterae
681 3966 796 4020 alieuius
813 3965 955 4036 uestipium
973 3983 1114 4036 ayneseere
1131 3966 1173 4018 ui-

136 4050 209 4116 dear,
217 4051 316 4120 fuitne
326 4052 385 4106 lmr
395 4053 441 4106 uel
451 4051 523 4107 smt?
615 4055 816 4119 tamen]sutsm
830 4053 960 4107 Halmius
1044 4049 1128 4122 pleps
1141 4053 1178 4105 H

226 4144 291 4191 sunt
307 4155 390 4208 quam
407 4145 440 4192 ut
450 4139 620 4194 Ascensiana
638 4138 770 4192 suntsed
788 4146 820 4192 ut
836 4157 905 4192 unus
925 4137 1094 4202 deteriorum,
1116 4137 1172 4190 Ra·

136 4239 209 4293 thius
227 4239 293 4293 sunt
309 4229 344 4306 (l)
361 4260 397 4294 ur
414 4243 507 4297 ABH
615 4239 663 4295 eos
678 4242 782 4310 agnerl
801 4243 829 4294 B
847 4240 1005 4310 eolagrrenr
1026 4238 1062 4306 (ss
1079 4241 1109 4296 in
1125 4259 1173 4293 ra-
