2940 4890
367 391 406 451 m
764 381 996 447 nat-QS

430 560 580 620 Mancvs.
626 549 665 617 ‘A
696 555 775 618 Ioue
808 556 978 617 Musarum
1014 545 1217 635 primordia‚'
1245 552 1333 615 sicut
1364 552 1401 614 in

367 660 479 723 Aratio
503 659 646 721 carmine
669 657 732 720 orsi
754 679 875 720 sumus.

431 764 591 831 varvs.
623 761 788 828 Quorsum
810 759 915 823 istuc?

430 867 581 929 Mancvs.
613 863 700 932 Quia
721 885 811 926 nuuc
834 864 913 926 item
935 865 975 926 ab
991 865 1106 927 eodem
1121 875 1154 927 et
1169 885 1188 925 a
1203 863 1321 926 ceteris
1336 862 1400 925 diis

328 976 349 1028 a
367 968 604 1032 immortalibus
626 977 704 1030 sunt
725 967 818 1029 nobis
841 966 959 1051 agendi
982 968 1141 1051 capienda
1162 965 1350 1050 primordia.

431 1072 591 1139 varvs.
622 1070 754 1153 Optime
777 1091 864 1148 uero,
888 1069 995 1146 frater,
1022 1080 1054 1133 et
1075 1070 1147 1133 fieri
1170 1070 1215 1133 sic
1239 1071 1343 1132 decet.
1422 1077 1438 1132 8

430 1177 580 1238 naacvs.
618 1173 796 1236 Videamus
824 1172 925 1257 igitur
955 1195 1073 1251 rursus,
1105 1173 1196 1257 prius
1218 1194 1319 1255 quam
1342 1171 1441 1236 acl-4

367 1278 553 1361 grediamur
580 1278 622 1340 ad
649 1278 738 1360 leges
769 1275 926 1359 singulas,
958 1275 1029 1338 uim
1058 1287 1275 1358 naturamque
1305 1275 1398 1359 legis,

367 1403 417 1458 ne,
443 1402 541 1464 quom
564 1379 733 1443 referenda
755 1378 821 1440 sint
843 1379 885 1441 ad
907 1400 979 1441 eam
1001 1379 1095 1442 uobis
1114 1379 1232 1456 omnia,
1249 1379 1402 1441 labamur

325 1507 350 1547 ro
367 1483 535 1547 interdum
563 1504 668 1546 errore
698 1481 855 1544 sermonis
883 1481 1135 1566 ignoremusque
1164 1483 1235 1544 uim
1263 1481 1402 1544 rationis

368 1586 446 1663 eius,
472 1606 537 1667 qua
558 1585 630 1648 iura
652 1585 746 1648 nobis
769 1584 956 1647 definienda
978 1584 1051 1648 sint.

432 1681 592 1755 varvs]
624 1688 708 1751 Sane
731 1685 865 1769 quidem
886 1687 1004 1766 hercle,
1030 1700 1063 1750 et
1085 1699 1133 1751 est
1155 1687 1217 1750 ista
1236 1679 1325 1750 recta
1342 1688 1402 1749 do-

369 1792 466 1854 cendi
489 1791 552 1854 uia.

432 1896 583 1957 Mancvs.
619 1895 717 1955 Hanc
744 1893 846 1977 igitur
873 1892 970 1956 uideo
997 1895 1058 1977 [ex]
1086 1891 1403 1976 sapientissimorum

327 1997 468 2061 afuisse
497 1997 701 2073 sententiam,
726 1996 832 2080 legem
854 2019 961 2079 neque
984 1995 1156 2058 hominum
1177 1993 1320 2080 ingeniis
1343 2016 1403 2057 ex-

370 2100 545 2184 cogitatam
582 2121 644 2162 nec
678 2099 797 2161 scitum
829 2099 961 2181 aliquod
994 2121 1062 2162 esse
1095 2097 1304 2182 populorum,
1345 2098 1404 2160 sed

460 2290 486 2361 *1
506 2289 535 2341 in
552 2289 649 2342 Aratio
663 2290 700 2341 R.
714 2289 861 2357 Stephanus
878 2305 1031 2364 mnarrano
1044 2288 1070 2337 A
1088 2303 1243 2339 mnarrano
1255 2287 1320 2339 BH

370 2395 385 2443 3
403 2356 587 2456 fflfflaid
690 2366 757 2459 dda
777 2395 803 2456 (a
820 2391 850 2443 a'n
867 2393 971 2455 rasura)
990 2393 1018 2443 A
1036 2365 1090 2459 qaia
1108 2389 1143 2441 H
1237 2389 1404 2442 &aH&a

369 2478 580 2548 superscraPtam
599 2479 627 2531 Β
644 2477 670 2530 a
689 2495 705 2529 a
725 2477 759 2542 t&
777 2480 845 2541 corr)
858 2482 883 2529 A
970 2473 1069 2554 cereris
1081 2477 1116 2528 H
1193 2471 1247 2528 dus
1263 2492 1404 2528 immorta-

369 2563 414 2623 ha·
427 2566 455 2618 Β
469 2561 549 2631 dlslra
563 2561 730 2616 mortahbus
745 2561 778 2626 (rs
791 2581 804 2614 e
823 2580 885 2615 corr
903 2566 928 2614 et
944 2579 971 2613 ικ
990 2562 1019 2614 in
1038 2562 1121 2615 litura
1139 2561 1222 2614 triam
1240 2560 1402 2624 litterarum)

370 2653 396 2702 A
415 2647 469 2702 dus
484 2646 680 2701 mmorrahbus
694 2650 730 2702 H
834 2651 849 2698 5
868 2645 975 2716 agenda
991 2648 1027 2700 H
1132 2645 1283 2716 pnmordra
1298 2647 1336 2699 H
1349 2663 1405 2716 pn·

369 2743 490 2816 mordrae
508 2754 536 2806 Β
553 2749 702 2821 primordia
720 2769 780 2804 corr
798 2769 829 2804 ea
846 2750 995 2820 primordio
1012 2752 1040 2802 A
1159 2751 1175 2802 6
1193 2748 1275 2802 decer
1292 2767 1355 2803 corr
1371 2768 1404 2802 ea

371 2839 440 2891 dicrr
455 2843 481 2892 A
593 2840 606 2888 7
626 2835 818 2905 adgrediamur
837 2841 863 2901 (r
880 2837 1004 2890 ultimam
1022 2835 1050 2888 in
1068 2838 1179 2898 rasura)
1197 2837 1245 2917 A.
1331 2833 1403 2888 tile-

371 2957 415 3028 gis
429 2959 464 3011 H
477 2955 554 3026 leges
570 2974 631 3009 corr
648 2953 673 3007 rs
688 2957 741 3008 AB
862 2959 878 3008 9
896 2972 978 3024 quom
994 2958 1022 3008 A
1040 2929 1123 3033 duom
1140 2957 1168 3009 Β
1189 2928 1251 3008 cii'dr
1267 2956 1304 3008 H

373 3063 404 3112 10
422 3060 633 3129 ignoremuaque
649 3058 707 3110 uim
725 3059 857 3113 sermonis
879 3075 921 3110 om
937 3060 974 3112 H
1085 3077 1142 3111 urm
1163 3055 1296 3111 sermonis
1310 3031 1404 3135 eifqud

372 3146 398 3208 (1
412 3147 535 3199 altimum
557 3145 586 3196 in
604 3142 735 3196 sermonis
750 3165 767 3198 a
786 3163 846 3197 corr
862 3146 928 3210 add)
947 3146 975 3198 Β
991 3162 1049 3197 urm
1067 3141 1257 3196 sermomsems
1271 3146 1344 3212 quoi
1363 3141 1403 3208 (se

371 3236 433 3284 ante
451 3249 460 3283 1
479 3248 549 3292 corr,
569 3246 640 3298 quo*
660 3248 722 3282 corr
738 3249 770 3282 esc
787 3234 848 3298 qua)
869 3232 896 3282 A
922 3228 982 3283 erus
995 3246 1050 3298 quo
1068 3231 1115 3283 rad
1132 3247 1148 3282 o
1166 3230 1197 3281 iu
1213 3245 1260 3281 raa
1279 3247 1343 3282 corr
1355 3230 1393 3281 H
1393 3249 1403 3288 ‚-

365 3316 512 3386 pramitiua
525 3315 661 3383 amatura
673 3331 728 3383 qua
735 3317 892 3385 persuadet,
908 3313 1045 3379 sermonis,
1061 3316 1130 3384 qaod
1139 3315 1219 3383 γονή
1233 3333 1288 3367 noa
1299 3319 1402 3384 potest,

365 3407 482 3471 propter
498 3401 629 3454 acacianam
647 3401 762 3454 eiusdem
778 3401 851 3454 coms
868 3419 960 3454 errore
976 3405 1065 3454 ortum
1081 3418 1144 3460 aare.
1164 3400 1239 3453 euius
1256 3402 1322 3466 loeo,
1343 3417 1404 3453 cam

371 3488 460 3540 obesae
479 3504 573 3539 nomen
591 3504 644 3538 noa
657 3486 759 3554 possit,
780 3485 828 3539 uia
846 3487 922 3539 atiud
938 3487 1046 3540 uidetur
1062 3486 1191 3555 amptum
1206 3485 1302 3552 fuisse,
1322 3504 1404 3556 qaum

372 3573 441 3640 quod
459 3571 569 3640 reposui
583 3571 698 3625 rationis
717 3571 776 3624 eius
794 3588 860 3640 qua;
888 3574 982 3639 confer
1000 3574 1032 3625 da
1050 3578 1118 3625 orat.
1132 3574 1157 3637 3,
1171 3575 1197 3636 6,
1211 3574 1242 3624 21
1262 3571 1312 3626 ubi
1331 3572 1404 3626 cuim

370 3664 512 3728 perspecta
523 3657 566 3710 uis
580 3665 621 3711 est
632 3656 747 3710 rationis
760 3657 818 3709 eius
831 3673 885 3726 qua
896 3673 995 3710 causae
1007 3675 1099 3712 rerum
1109 3664 1313 3727 cognoscuntur

373 3745 401 3793 11
423 3742 581 3795 diffrmenda
598 3745 634 3797 H
740 3745 770 3794 12
788 3739 880 3795 hercle
899 3745 921 3806 (c
939 3762 952 3795 e
970 3748 1036 3809 corr)
1055 3747 1083 3797 A
1194 3746 1225 3796 14
1243 3743 1405 3815 exlsapren·

369 3827 572 3881 nfirmaaorum
590 3829 705 3892 (uidetur
722 3825 913 3898 iaprennfsrmr
931 3845 1024 3882 rorum
1043 3830 1137 3896 faisse)
1156 3832 1184 3884 Β
1201 3827 1404 3901 nsaprenuttr-

370 3929 432 3980 moa
443 3916 469 3965 A
486 3932 519 3967 ex
537 3912 753 3984 taprennttrmor
766 3916 802 3968 H
805 3935 812 3976 ,·
834 3931 867 3967 ex
884 3917 955 3968 unde
971 3921 1063 3969 natam
1080 3917 1117 3970 stt
1133 3935 1188 3969 aon
1204 3916 1409 3986 intelligamini

368 4002 443 4066 forte
459 4001 494 4052 ad
514 4000 695 4068 excogitatam
712 4001 850 4054 aberrauit
862 4001 990 4055 aarum
1079 4002 1109 4052 15
1122 3999 1262 4055 [anteum
1272 4003 1313 4064 H,
1329 4005 1405 4072 quod

371 4104 422 4138 aaa
441 4090 608 4138 casuarium
626 4088 800 4156 sedpropter
818 4087 985 4155 expositam
1000 4087 1108 4139 uidetur
1158 4091 1174 4121 '-
1205 4092 1405 4156 excogitari&

371 4190 433 4224 corr
450 4189 482 4224 ea
499 4175 523 4236 o)
542 4173 568 4223 A
669 4174 700 4225 to
719 4169 803 4225 srrum
820 4173 855 4224 H
948 4170 1113 4242 populorum
1131 4171 1179 4226 sad
1196 4173 1338 4227 deteriores
1354 4191 1405 4244 po-
