3030 4876
262 390 323 451 196
705 395 739 435 111
758 385 798 447 ro,
820 384 852 435 aa

262 560 398 641 luitque,
416 557 524 639 quoad
543 555 635 634 uixit,
653 578 695 634 se,
714 566 751 619 ut
770 555 969 638 opprimeret
984 554 1020 617 C.
1037 554 1214 636 Popilium,
1238 577 1296 618 no

263 663 367 725 euisse
383 659 430 723 rei
445 658 606 743 publicae.
631 670 663 722 et
679 681 760 721 auus
777 658 910 741 quidem
925 667 1035 720 noster
1049 657 1210 741 singulari
1230 659 1297 721 uir-

263 776 333 828 tute
355 764 391 826 in
410 763 473 825 hoe
491 761 680 845 municipio,
699 762 805 844 quoad
827 761 921 839 uixit,
939 760 1058 824 restitit
1072 762 1117 823 M.
1136 761 1294 838 Gratidio,

263 868 357 930 cuius
380 866 416 928 in
439 865 645 928 matrimonio
668 886 817 942 sororem,
838 864 946 926 auiam
969 875 1121 941 nostram,
1147 865 1295 942 habebat,

232 993 245 1030 s
262 969 381 1032 ferenti
396 969 503 1052 legem
518 967 732 1032 tabellarium:
751 967 913 1030 excitabat
929 966 1018 1029 enim
1032 967 1154 1030 fluctus
1169 967 1205 1030 in
1221 967 1297 1031 sim-

262 1073 350 1157 pulo,
375 1083 413 1134 ut
428 1071 555 1148 dicitur,
574 1070 752 1149 Gratidius,
778 1091 858 1152 quos
880 1080 953 1152 post
975 1070 1063 1132 filius
1087 1070 1157 1133 eius
1173 1071 1297 1134 Marius

263 1176 299 1239 in
321 1178 450 1259 Aegaeo
473 1173 631 1237 excitauit
652 1173 743 1236 mari.
783 1195 819 1235 ae
843 1184 952 1235 nostro
975 1173 1108 1255 quidem
1132 1201 1151 1238 a
1168 1202 1186 1238 a
1213 1224 1219 1236 .
1245 1174 1298 1237 cui

264 1300 341 1341 cum
362 1299 412 1340 res
434 1288 517 1340 esset
535 1277 577 1339 ad
599 1299 633 1340 se
656 1277 770 1354 delata,
784 1277 829 1339 M.
849 1276 991 1338 Scaurus
1012 1277 1126 1340 consul
1140 1270 1299 1340 ‘utinam-

257 1449 400 1518 soramine
417 1448 447 1501 in
464 1449 625 1513 malabranca)
639 1450 667 1501 B
772 1449 783 1497 1
801 1446 921 1516 quosadl
940 1447 966 1512 (d
979 1451 1063 1512 erasa)
1077 1465 1150 1500 uum
1162 1449 1189 1499 A
1208 1447 1299 1517 quoad

264 1541 312 1588 uri
328 1537 355 1588 B
375 1535 427 1600 (sic)
567 1551 596 1587 se
614 1540 646 1586 ut
663 1531 830 1602 opprimeret
847 1532 878 1586 O.
892 1532 1032 1603 Popilium
1045 1532 1203 1604 (Popillium
1216 1535 1299 1586 Lam-

264 1621 347 1685 binus)
367 1619 495 1673 nocuisse
513 1619 595 1673 etiam
612 1619 701 1684 (etiam
719 1618 815 1671 abiecit
827 1619 966 1684 Dauisins)
986 1620 1234 1689 reip.'1lrrnebns
1253 1618 1299 1673 led

264 1741 300 1775 ut
318 1723 482 1793 oppirmer&
502 1739 536 1775 ·c·
556 1721 660 1792 populfi
677 1721 834 1775 nocurssem
854 1708 910 1774 uir·
924 1725 980 1777 AB
1084 1724 1099 1773 3
1117 1721 1211 1792 quoad
1229 1721 1300 1778 uixit

265 1826 392 1880 editiones
404 1825 479 1895 quod
492 1824 611 1878 addunt
622 1827 650 1876 A
662 1823 700 1893 qd
712 1824 831 1877 adduxrr
843 1827 871 1878 B
983 1829 999 1877 4
1012 1825 1087 1880 lore*
1101 1843 1163 1877 corr
1175 1800 1259 1898 ldie*
1271 1829 1298 1878 A

368 1911 487 1965 habebat
504 1911 633 1964 editiones
649 1910 783 1964 habebaul
800 1913 860 1965 AB,
961 1914 976 1963 5
995 1911 1095 1964 fluctus
1114 1911 1298 1981 Hieronymus

265 1997 414 2050 Ferrarius
431 2001 495 2049 teste
514 1997 543 2049 P.
563 1997 706 2061 Munatio,
724 1997 759 2049 R.
774 1998 925 2067 Stephanus
943 1997 1027 2050 fletus
1041 1999 1097 2050 AB
1230 1994 1297 2068 sym·

265 2098 330 2169 pulo
349 2101 376 2153 B
498 2102 513 2152 6
532 2098 642 2153 eradius
657 2118 719 2153 eom·
737 2074 850 2167 grillius
865 2102 892 2152 A
1024 2099 1128 2154 marrus
1142 2102 1179 2164 B,
1200 2119 1242 2153 om
1260 2103 1295 2163 A,

210 2239 212 2242 ,
264 2186 339 2238 cuins
356 2185 514 2237 auctoritate
532 2185 610 2238 abasi
625 2185 755 2239 Halmius
773 2190 798 2238 et
815 2187 944 2240 Baiterus
966 2186 1107 2239 delendum
1127 2203 1182 2238 esse
1204 2204 1297 2240 nomen

265 2275 437 2333 censuerunt,
458 2273 529 2340 quod
547 2271 595 2340 qui
615 2271 744 2324 exciderit
765 2272 795 2324 in
817 2272 865 2325 illo
888 2271 971 2335 libro,
995 2289 1077 2325 cauca
1094 2275 1297 2342 manifestant

369 2358 384 2407 7
402 2374 431 2409 m
449 2373 563 2426 aegreco
582 2360 610 2412 B
626 2358 795 2436 rnslsegaeo
818 2360 843 2436 (e
861 2357 891 2410 in
908 2375 1005 2411 rasura
1022 2362 1093 2424 corr)
1117 2361 1145 2410 A
1250 2374 1298 2410 ex-

263 2460 368 2496 maun
380 2443 408 2496 Β
495 2441 606 2511 quidem
623 2459 670 2511 qul
688 2448 722 2496 cu
733 2446 790 2498 AB
796 2463 804 2506 ;
825 2444 944 2512 defectus
961 2443 1094 2497 indicium
1104 2444 1181 2516 seci,·
1202 2444 1298 2512 opiner

265 2529 336 2581 enirn
352 2530 417 2581 baec
434 2528 473 2582 sic
483 2531 548 2598 fere
567 2533 676 2582 exorata
688 2504 782 2599 suisio
802 2546 834 2582 ac
851 2535 946 2582 nostro
964 2528 1076 2599 quidem
1092 2529 1154 2598 (auo
1171 2546 1299 2598 magnam

266 2630 298 2667 ea
315 2631 359 2667 res
378 2613 471 2668 attulit
486 2612 623 2683 laudem).
644 2613 689 2667 cui
707 2632 782 2679 cum3
807 2617 885 2680 [nam
903 2633 950 2668 nec
969 2634 1022 2669 auo
1040 2615 1129 2669 abesse
1143 2620 1234 2685 potest
1251 2633 1299 2668 nec

265 2699 330 2752 satis
344 2699 482 2769 probabili
497 2699 659 2752 correctione
677 2719 708 2752 ea
721 2699 769 2768 qui
780 2687 937 2770 recuperari
947 2700 1062 2762 uidetur,
1078 2702 1107 2754 in
1118 2700 1240 2754 oratione
1252 2719 1298 2753 au·

264 2789 318 2839 tem
336 2787 362 2838 ci
377 2786 443 2855 quid
460 2785 545 2838 sentio
562 2786 626 2845 baec
644 2802 675 2838 ac
692 2792 786 2839 nostro
805 2785 916 2855 quidem
933 2804 986 2840 auo
1008 2785 1105 2840 consul
1128 2785 1219 2855 inquit
1242 2804 1298 2840 sen·

265 2872 350 2925 tentia
366 2871 487 2942 qenerati
502 2889 557 2924 non
568 2871 723 2940 praemissa
744 2889 843 2942 parum
860 2878 923 2942 apte
941 2877 987 2926 arat
1004 2876 1113 2925 uenuste
1131 2872 1299 2940 coniunyun-

265 2959 329 3023 tur]
441 2955 510 3010 mari
529 2973 560 3009 ac
577 2962 672 3010 nostro
690 2957 808 3025 quidem.
826 2955 892 3026 quoi
910 2975 972 3011 cum
990 2959 1027 3010 R.
1049 2959 1201 3028 Stephanus
1218 2958 1298 3012 mari.

265 3059 296 3096 ac
313 3050 407 3096 nostro
425 3042 538 3111 quidem
555 3060 608 3095 auo
626 3059 688 3105 cum
705 3042 854 3096 Lambinus
959 3044 973 3094 8
992 3043 1027 3096 ad
1045 3050 1169 3097 senatum
1188 3044 1306 3119 Mortui-¹

264 3128 524 3198 piasOpp.2,165,
542 3129 683 3199 [probauit
695 3128 834 3195 Baiterua,
854 3148 886 3182 ne
905 3130 971 3200 quid
988 3130 1020 3182 de
1038 3129 1073 3182 iic
1091 3129 1181 3183 dicam
1199 3130 1250 3200 qui
1260 3131 1301 3183 ni·

265 3214 306 3266 bit
321 3232 402 3285 supra
420 3213 557 3267 triuialem
574 3219 659 3268 artem
676 3215 827 3268 didicerunt
845 3216 964 3285 quodque
988 3215 1022 3269 ab
1044 3215 1107 3268 aliis
1129 3215 1216 3270 edocti
1238 3222 1303 3270 aurit

265 3299 441 3368 confidentius
457 3299 587 3353 nimirum
604 3299 673 3370 ipsis
695 3300 846 3354 auctoribus
865 3301 1055 3370 pronuntiant.
1076 3319 1123 3372 eqo
1146 3301 1303 3356 dubitabam

265 3384 408 3452 Maduiqii
426 3386 527 3438 indicio
550 3386 728 3456 adstipulari,
753 3387 818 3457 quia
835 3387 959 3458 prinrum
976 3388 1099 3440 narratio
1117 3383 1178 3458 ἱρέα
1195 3388 1302 3442 indicio

265 3489 320 3524 esse
337 3470 485 3536 uidebatur,
505 3491 558 3524 non
576 3473 612 3524 ad
629 3479 750 3526 senatum
766 3474 814 3526 sed
830 3474 868 3526 ad
885 3474 1017 3527 consulem
1035 3491 1091 3526 rem
1110 3491 1164 3527 esse
1182 3474 1304 3528 delatam

271 3558 317 3625 (cf.
332 3557 361 3609 in
378 3557 468 3610 Vatia.
484 3560 509 3621 5,
527 3560 575 3623 12),
596 3557 691 3610 deinde
710 3575 772 3612 eum
789 3559 845 3612 nisi
856 3576 914 3612 enm
926 3559 1097 3629 ambiquitate
1104 3559 1176 3628 poni
1185 3577 1241 3613 non
1251 3578 1303 3631 po-

266 3647 348 3707 terat,
369 3641 491 3712 deaique,
512 3645 639 3712 quoniam
660 3663 736 3697 nerno
756 3647 839 3698 nescit
857 3643 976 3699 Scaurus
999 3663 1029 3698 re
1046 3645 1129 3698 adse
1148 3642 1242 3698 delata
1260 3663 1306 3714 τε·Ι

267 3726 379 3798 spondit
399 3734 467 3780 recte
488 3747 535 3781 nec
552 3730 610 3783 sine
628 3731 745 3799 exemplo
762 3731 845 3784 scribi
858 3731 995 3801 potuisse,
1016 3750 1070 3784 non
1088 3731 1155 3784 catio
1173 3735 1231 3784 tuto
1250 3733 1304 3786 illa

265 3831 327 3866 cum
344 3831 388 3867 res
407 3820 480 3867 esset
497 3814 533 3866 ad
551 3832 580 3868 se
598 3813 689 3868 delata
706 3815 746 3870 M.
762 3815 881 3870 Scaurus
899 3815 997 3870 consul
1014 3816 1085 3870 dixit
1102 3822 1240 3885 tamquam
1256 3837 1306 3872 so-

267 3899 338 3952 loeca
356 3900 435 3953 reiici
452 3901 592 3971 putabam.
614 3903 658 3954 De
676 3900 761 3954 simili
780 3920 874 3970 penore
892 3903 1054 3971 Maduiqc'ns
1073 3903 1132 3973 ipse
1148 3902 1305 3972 prudenter

265 3986 403 4039 admonuit
425 3988 494 4057 epp.
518 3989 541 4051 1,
563 3988 624 4051 189]
745 3985 835 4040 delata
852 3988 892 4040 M.
913 3987 1033 4042 Scaurus
1052 3989 1159 4043 Bakim
1177 3987 1305 4043 delatam

266 4087 378 4142 scaurus
392 4091 420 4142 B
438 4077 532 4142 delati
550 4088 663 4143 scaurus
679 4073 750 4159 (fuit
768 4089 867 4155 delata)
887 4092 915 4143 A
1002 4091 1099 4146 consul
1116 4091 1223 4144 utinam
1241 4093 1303 4146 edi-

265 4174 350 4227 tiones
367 4174 462 4228 consul
479 4179 582 4245 unnim
595 4178 624 4228 A
641 4174 759 4229 consulu
779 4184 866 4246 saque
878 4178 907 4230 B
993 4176 1099 4230 utinam
1110 4177 1225 4247 quidem
1237 4179 1303 4233 Mo·
