3030 4876
298 367 359 426 124
673 375 696 414 11
716 363 756 426 ic,
770 362 904 424 41-17,
919 363 952 412 42

296 556 379 618 quae
403 544 478 597 ante
501 533 611 597 oculos
638 544 723 612 sunt,
753 555 791 596 ea
816 533 926 617 potius
955 532 1131 616 adtingam,
1160 532 1221 596 etsi
1248 532 1335 595 haec

297 636 561 700 commemoratio
583 658 699 699 uereor
721 658 763 698 ne
785 659 884 720 supra
905 635 1049 699 hominis
1070 635 1239 699 fortunam
1262 657 1335 698 esse

297 741 457 818 uideatur,
488 750 610 818 tamen,
641 739 797 822 quoniam
824 761 929 802 sermo
957 739 1039 801 milii
1068 749 1115 801 est
1142 738 1231 822 apud
1260 760 1331 817 uoS,

296 843 381 906 nihil
403 843 546 906 reticebo
569 842 744 925 uolamque
766 842 837 921 hoc,
863 843 951 924 quod
973 843 1095 924 loquar,
1122 841 1184 905 diis
1205 842 1334 904 inmor-

267 947 417 1010 stalibus
445 956 575 1031 gratum
601 944 710 1028 potius
737 945 843 1008 uideri
870 967 970 1028 quam
991 967 1101 1029 graue.
1125 945 1236 1008 omnia
1259 954 1335 1007 tum
1346 930 1387 996 17

296 1050 501 1134 perditorum
520 1048 646 1111 ciuium
661 1048 782 1110 scelere
798 1047 942 1110 discessu
957 1070 1029 1111 meo
1046 1048 1244 1132 religionum
1259 1047 1336 1110 iura
1345 1024 1384 1079 42

297 1153 424 1236 polluta
450 1162 536 1230 sunt,
565 1151 677 1214 uexati
703 1150 805 1213 nostri
827 1152 928 1214 Lares
949 1150 1134 1229 familiares,
1159 1150 1196 1214 in
1219 1172 1336 1214 eorum

297 1254 429 1318 sedibus
452 1255 702 1317 exaedificatum
724 1255 885 1337 templum
907 1253 1085 1332 Licentiae,
1110 1255 1225 1337 pulsus
1241 1275 1260 1315 a
1275 1253 1337 1316 de-

298 1357 401 1421 lubris
416 1358 452 1437 is,
471 1357 528 1441 qui
542 1357 601 1420 illa
616 1367 773 1421 seruarat:
792 1356 1032 1440 circumspicite
1048 1357 1197 1421 celeriter
1212 1354 1335 1434 animo,

256 1480 281 1520 io
298 1461 384 1523 nihil
399 1460 489 1524 enim
504 1460 622 1524 attinet
645 1481 843 1543 quemquam
865 1460 1038 1538 nominari,
1056 1461 1113 1543 qui
1136 1459 1202 1523 sint
1223 1481 1339 1523 rerum

299 1714 550 1787 placdcracoeldiae
562 1719 590 1771 B
607 1715 695 1786 plac&
705 1689 840 1794 ‘raioedip
858 1718 895 1770 H
908 1722 973 1769 sunt
989 1714 1088 1786 plenae
1104 1715 1264 1786 tragoediae
1278 1717 1339 1769 Aa·

300 1820 426 1873 censiana
444 1818 541 1890 plenae
559 1818 718 1887 tragoediae
738 1819 872 1873 Victorias
1001 1821 1012 1870 1
1033 1836 1120 1890 queae
1138 1821 1167 1872 A
1287 1837 1341 1889 po·

300 1905 360 1959 cius
374 1907 402 1959 Β
506 1903 650 1972 adtingam
668 1922 727 1956 corr·
745 1903 894 1972 adtingam
910 1907 938 1957 A
956 1923 1101 1975 attingant
1117 1906 1183 1959 BH
1284 1903 1341 1957 etsi

300 1991 367 2044 haec
385 2007 427 2043 om
447 1992 483 2044 H
594 1992 609 2041 2
632 2006 853 2043 commemoratio
870 1992 899 2042 A
922 2007 1071 2044 comereno
1092 1992 1128 2044 H
1237 2005 1341 2042 uereor

305 2098 345 2158 (eo
358 2112 371 2145 e
384 2097 449 2158 corr)
466 2095 494 2145 A
583 2091 709 2145 homines
723 2094 764 2155 H,
785 2111 847 2146 corr
864 2092 909 2146 nis
922 2095 979 2147 AB
1066 2083 1251 2162 3uideaii⁹tB

301 2196 390 2232 sermo
409 2197 452 2232 om
471 2180 508 2232 H
612 2195 663 2231 uos
682 2180 817 2231 Aemarns
835 2177 1007 2232 Ranconetas
1024 2180 1100 2249 apad
1121 2178 1273 2233 Tarnabnm
1292 2176 1345 2232 eos

301 2266 396 2318 ΑΒΗ
506 2265 670 2319 4raticebc
688 2265 725 2317 H
835 2264 1155 2334 rdticebosslluolamque
1178 2266 1223 2329 (uo
1240 2283 1257 2316 a
1276 2281 1343 2317 corr

300 2351 356 2403 adal
367 2355 444 2402 extra
460 2353 572 2416 aeream)
589 2351 617 2401 A
720 2348 855 2428 uolsquae
873 2353 901 2405 B
1004 2349 1166 2404 inmortales
1180 2347 1297 2410 carrlib;
1311 2351 1342 2403 Β

301 2452 507 2508 immortahbus
523 2454 559 2506 H
667 2455 768 2519 5tum]
788 2432 823 2532 tii
843 2456 877 2508 H
897 2454 950 2519 (sic)
1068 2470 1153 2522 graue
1169 2450 1342 2506 hominibus.

303 2557 373 2610 Cum
390 2556 562 2628 perditorum
573 2586 608 2594 —
619 2587 653 2595 -
671 2558 686 2608 9
707 2565 839 2623 seruarat,
861 2556 1064 2627 circumspicite
1082 2555 1246 2625 Madnipiaa
1267 2555 1340 2624 Opp.

303 2647 328 2707 2,
345 2645 403 2709 151,
424 2662 490 2714 qnae
510 2643 639 2696 Halmius
658 2642 837 2713 Baiterasqne
856 2643 1026 2712 probarunt,
1051 2641 1172 2712 equidem
1193 2658 1259 2696 acra
1283 2657 1343 2694 ease

303 2730 371 2782 milii
382 2730 548 2799 persuadere
566 2747 620 2781 non
633 2728 723 2797 potni,
744 2729 793 2798 qai
805 2729 925 2800 primam
937 2728 1028 2781 omnia
1040 2727 1205 2796 religionum
1216 2726 1343 2780 iurene·

304 2817 352 2870 liin
364 2815 467 2868 nictari
483 2817 563 2884 (conf.
576 2815 608 2867 de
626 2814 716 2867 eadem
733 2832 763 2866 re
777 2833 832 2885 pro
843 2814 929 2868 Sestio
943 2817 986 2879 26,
1000 2817 1033 2867 56
1044 2812 1143 2882 legem,
1164 2830 1235 2883 quae
1247 2811 1343 2866 omnia

303 2902 365 2956 iura
382 2900 599 2970 religionum
614 2898 735 2968 deleuit),
750 2901 847 2954 deinde
863 2904 926 2971 apte
944 2900 1015 2953 inter
1026 2919 1053 2953 ce
1066 2900 1170 2969 opponi
1178 2901 1271 2967 putem
1283 2896 1343 2952 diis

304 2995 413 3058 gratum
430 2986 523 3057 potius
541 3003 623 3056 quem
641 3003 735 3054 graue,
757 2987 783 3040 ai
799 2987 904 3057 qnidam
918 2986 1040 3040 Ciceroni
1056 2985 1201 3039 uerendum
1219 2973 1286 3050 erat,
1306 3002 1343 3037 ne

303 3074 403 3127 nimiae
421 3074 464 3126 mi
481 3073 581 3138 landes,
602 3073 696 3139 quibas
714 3073 838 3143 deinceps
848 3073 942 3138 ntitar,
957 3092 1011 3126 non
1022 3077 1077 3125 tam
1088 3076 1182 3141 pratae
1194 3071 1249 3124 diis
1259 3085 1343 3140 quam

304 3160 400 3213 iisdem
417 3178 513 3230 praeces
531 3165 556 3211 et
572 3159 697 3212 molestae
719 3158 858 3233 (ἐπαχθεῖς)
881 3159 1053 3218 eiaterensem·
1068 3175 1153 3228 porro
1172 3163 1233 3210 tum
1250 3160 1276 3209 et
1293 3174 1343 3210 eta-

302 3246 424 3316 piicatar
441 3247 556 3314 qaedam
573 3244 649 3297 mode
667 3245 770 3299 additia
788 3245 912 3300 discessu
930 3262 991 3298 meo
1014 3246 1093 3315 (conf.
1114 3244 1143 3296 in
1158 3241 1252 3296 Picon.
1265 3243 1290 3307 9,
1306 3244 1340 3294 21

304 3331 399 3400 itaque
418 3330 541 3384 discessu
558 3337 619 3383 tum
636 3333 708 3396 meo)
729 3336 753 3383 et
770 3332 848 3384 habet
871 3331 952 3383 etiam
974 3332 1003 3384 in
1023 3330 1251 3401 praemissisque
1269 3331 1343 3398 refe·

306 3421 392 3480 ratur,
418 3416 513 3486 gardas
538 3427 594 3469 meo
613 3416 719 3487 quidem
735 3435 814 3470 censu
833 3416 900 3469 satis
916 3416 1098 3487 sipnificatum
1115 3420 1169 3481 est,
1196 3417 1229 3469 de
1246 3415 1344 3486 patina

306 3507 331 3555 et
348 3501 425 3554 redas
449 3506 475 3554 et
497 3502 656 3572 temporibus
681 3503 801 3555 dicturas
823 3502 859 3554 cit
881 3504 937 3571 (qao
956 3502 1027 3555 enim
1045 3503 1165 3572 pertinet
1181 3503 1251 3556 haec
1269 3518 1343 3555 eom-

305 3587 466 3640 memoratio
473 3590 512 3652 sl:
533 3588 644 3656 deniqne
655 3590 747 3656 fallor
759 3592 807 3640 act
825 3586 1027 3658 circumspicite
1046 3589 1115 3658 qaod
1132 3587 1276 3647 ἀσυνδέτως
1294 3588 1343 3642 ad-

306 3673 428 3740 ianpitar
447 3677 472 3725 et
489 3673 531 3726 rei
547 3678 572 3726 et
590 3673 735 3726 sententiae
753 3676 798 3727 ael
813 3672 928 3749 maxime
952 3673 1108 3727 conueniens
1131 3678 1177 3727 est.

307 3779 322 3829 6
341 3774 485 3829 discessum
503 3780 569 3829 eori'i
585 3775 698 3845 legionu
716 3777 744 3830 B
763 3753 907 3847 discessuri}
925 3794 1020 3830 eorum
1035 3775 1176 3845 legionum
1194 3779 1230 3830 H
1245 3747 1344 3830 disces-

306 3878 398 3933 sumeo
416 3878 588 3948 relegionum
603 3882 649 3933 secl
667 3897 696 3933 re
715 3880 745 3932 in
762 3898 859 3934 rasura
876 3883 904 3933 A
995 3883 1010 3932 7
1028 3898 1114 3933 uexat
1131 3865 1205 3948 iiiiiri
1222 3881 1250 3933 Β

306 3963 451 4019 familiaris
467 3983 528 4019 corr
545 3964 590 4018 res
605 3966 633 4018 B
723 3969 738 4019 8
759 3966 953 4020 exedificetum
969 3968 998 4019 A
1016 3964 1209 4019 exedificatum
1227 3965 1256 4019 B

307 4034 393 4138 piisus
408 4069 503 4122 ABH
603 4072 618 4121 9
637 4067 662 4121 is
680 4068 701 4135 (s
716 4089 730 4122 e
748 4075 813 4133 corr)
836 4072 864 4122 A
968 4065 1195 4138 circumspiscite*
1214 4065 1345 4121 celeriter

309 4157 345 4192 'w
363 4155 440 4208 orion
459 4173 519 4196 corr
545 4173 569 4192 »θ’
589 4158 625 4192 ⁴0⁸
645 4157 672 4207 ‚A
693 4154 841 4208 nire-'istro‘
872 4153 1027 4208 Mcolenter
1045 4171 1105 4201 cerr
1122 4151 1345 4232 cuniispicithpc-
