3030 4876
567 387 602 428 111
621 376 714 452 nuso
732 403 766 412 -
787 376 827 439 n,
849 376 880 425 ss
1152 378 1213 442 189

244 546 396 608 Manovs.
428 546 622 609 Perseueras
637 557 674 608 tu
690 546 871 634 quidemfet
889 546 925 609 in
941 557 997 609 tua
1012 558 1123 611 uetere
1139 571 1214 611 sen-

179 647 283 712 tentia
304 670 485 731 permanes.
816 645 820 719 Ῐ

195 791 198 799 ·
244 752 398 814 Arrrovs.
429 752 500 814 Nee
521 773 573 813 me
592 750 727 813 hercule
747 743 905 833 ego'sane
921 774 940 814 a
955 752 1080 820 Quinto
1103 765 1213 818 nostro

180 855 346 933 dissentio,
371 855 428 917 sed
450 875 488 916 ea
511 875 593 945 quae
616 863 739 916 restant
762 854 941 917 audiamus.

243 958 394 1020 Mancvs
422 957 587 1039 Deinceps
606 955 708 1039 igitur
722 957 874 1020 omnibus
897 958 1138 1041 magistratibus
1154 982 1214 1022 au·
1243 977 1254 1017 5

177 1060 282 1144 spicia
297 1071 330 1122 θῖ
349 1059 473 1122 iudicia
488 1060 616 1136 dantur,
634 1059 764 1137 iudicia,
782 1070 819 1122 ut
834 1071 918 1124 esset
932 1062 1046 1144 populi
1061 1073 1211 1145 potestas,

177 1163 335 1246 adquam
355 1172 596 1245 prouocaretur‚
622 1161 774 1244 auspicia,
801 1173 838 1225 ut
859 1165 979 1227 multos
1001 1165 1136 1229 inutiles
1158 1189 1213 1229 oo-

177 1265 324 1328 mitiatus
339 1265 523 1348 probabiles
542 1265 730 1348 inpedirent
744 1287 866 1343 morae;
883 1288 978 1350 saepe
994 1267 1084 1330 enim
1098 1269 1213 1352 populi

175 1369 339 1452 impetum
360 1367 521 1431 iniustum
536 1367 690 1451 auspiciis
706 1368 739 1430 di
761 1369 960 1432 immortales
979 1383 1210 1454 represserunt.

176 1473 280 1535 exiis
303 1482 420 1547 autem,
448 1471 504 1554 qui
527 1471 752 1555 magistratum
775 1483 941 1555 ceperunt,
970 1474 1058 1555 quod
1080 1485 1212 1538 senatus
1230 1493 1254 1533 10

176 1576 327 1653 efficitur,
341 1575 499 1658 populare
515 1595 592 1637 sane
608 1575 775 1637 neminem
789 1574 826 1637 in
841 1596 1007 1638 summum
1021 1576 1132 1638 locum
1147 1577 1212 1640 nisi

174 1700 234 1761 per
255 1679 417 1762 populum
439 1676 553 1740 uenire
576 1677 703 1740 sublata
726 1678 931 1760 cooptatione
955 1679 1110 1741 censoria.
1154 1681 1211 1743 sed

174 1792 303 1865 praesto
320 1793 368 1844 est
387 1781 486 1843 huius
502 1779 565 1843 uiti
585 1780 785 1864 temperatio,
805 1781 891 1863 quod
906 1791 1039 1844 senatus
1058 1783 1129 1866 lege
1150 1805 1210 1846 no-

125 1887 165 1946 28
176 1895 241 1948 stra
257 1885 470 1947 confirmatur
485 1883 674 1960 auctoritem
692 1882 839 1965 sequitur
855 1883 961 1945 enim:
978 1879 1065 1947 ‘eius
1081 1885 1210 1948 decreta

175 1998 244 2050 rata
267 1979 385 2049 sunt0.²
403 2008 481 2048 nam
503 1986 549 2049 ita
571 2008 604 2049 se
627 2008 677 2049 res
700 1986 806 2063 habet,
832 1996 876 2063 ut,
901 1987 929 2049 si
951 1998 1082 2050 senatus
1106 1987 1211 2051 domi-
1229 2010 1252 2048 n

174 2111 237 2153 nus
264 2089 306 2152 sit
329 2089 455 2172 publici
483 2089 610 2152 aemilii
637 2090 788 2171 quodque
814 2087 842 2150 is
865 2089 1007 2151 creuerit
1033 2089 1212 2154 defendant

174 2214 287 2256 omnes
303 2202 335 2254 et
350 2193 377 2255 si
393 2192 522 2277 ordines
538 2191 656 2274 reliqui
678 2191 835 2275 principis
851 2191 974 2253 ordinis
990 2192 1125 2255 consilio
1141 2215 1211 2255 rem

170 2295 341 2380 publicam
360 2295 536 2379 gubernari
558 2295 671 2372 uelint,
689 2296 790 2378 possit
805 2316 846 2356 ex
868 2294 1103 2377 temperatione
1118 2295 1207 2372 iuris

134 913 168 980 12

134 1006 165 1063 27

173 2551 387 2625 laeli-pleucios
403 2549 510 2622 (luebp
527 2551 556 2604 in
574 2554 678 2616 rasura)
701 2556 729 2604 A
842 2552 857 2600 3
875 2567 925 2604 nee
944 2551 1105 2619 Mudus'qius
1124 2551 1206 2621 (Opp.

174 2642 200 2704 2,
219 2640 274 2704 162)
293 2655 366 2692 nune
382 2639 454 2697 AB:
473 2638 537 2690 olim
555 2639 619 2690 baec
637 2637 707 2690 inter
728 2635 856 2698 Quintum
874 2640 900 2688 et
917 2636 1040 2689 Atticum
1058 2636 1097 2689 sie
1115 2637 1209 2690 distri-

175 2723 340 2777 buebantur:
363 2725 394 2785 Q.
412 2723 493 2776 Nunc
513 2725 570 2788 (uel
584 2723 662 2787 Non)
683 2720 845 2775 mehercule.
866 2723 923 2774 Att.
942 2722 1003 2791 Ego
1022 2740 1087 2776 sane

178 2812 195 2861 4
215 2807 342 2863 dissensio
361 2810 389 2862 Β
414 2807 544 2862 drlsenrro
562 2810 590 2860 A
613 2809 659 2861 sed
681 2824 726 2860 nu
743 2808 774 2860 in
791 2825 890 2860 rasura
1038 2800 1161 2860 audruuir
1180 2810 1207 2861 Β

295 2897 310 2944 5
335 2893 421 2963 igitur
440 2913 482 2948 om
501 2896 528 2948 Β
661 2891 847 2962 magesnatru
871 2912 931 2946 eon·
948 2891 1035 2962 magrl
1051 2895 1078 2945 A

174 3001 190 3051 6
208 2971 317 3066 &ludii
333 3000 362 3050 A
447 2997 600 3051 rudreraaur
617 2999 644 3051 Β
661 2996 816 3049 rudrcrasur
833 2998 860 3048 A
946 2994 1042 3066 poresr
1058 2995 1094 3049 ad
1111 2999 1165 3064 quir
1181 2997 1208 3048 B

279 3086 293 3134 7
312 3083 468 3137 comitiatus
486 3085 523 3136 R.
540 3084 692 3152 Stephanus
709 3081 888 3135 eommlrarul
903 3085 931 3136 B
948 3081 1129 3135 eommrrarul
1144 3085 1161 3146 (ι
1179 3082 1208 3134 in

173 3186 280 3233 rasura,
300 3168 408 3222 uidetur
426 3167 614 3222 commutarul
622 3169 720 3237 fnisse)
744 3169 772 3219 A
871 3167 1071 3237 Simpedrrenr
1087 3169 1115 3220 B

173 3274 189 3324 9
211 3272 288 3325 ruln’r
312 3272 339 3324 Β
461 3271 488 3324 dr
506 3269 670 3324 immorrahl
685 3235 829 3340 rep'ilerunr
846 3274 874 3322 A
896 3269 934 3323 dn
952 3268 1099 3323 immortali
1119 3270 1207 3340 leper-

173 3355 289 3427 lerrpsei
306 3359 334 3410 B
440 3357 471 3407 10
491 3357 575 3409 exiis
594 3358 738 3410 deteriores
756 3355 921 3409 exhrlAB
1030 3355 1163 3424 magrlrn'r
1180 3359 1207 3411 Β

284 3476 438 3530 coeperunt
455 3460 482 3510 A
500 3433 580 3530 e⁰epei
599 3460 627 3510 Β
741 3460 769 3509 11
789 3457 922 3529 populare
941 3464 983 3511 est
1003 3459 1142 3513 Turnebus
1159 3477 1207 3530 po-

173 3543 297 3615 pularem
319 3546 389 3608 AB;
420 3547 482 3609 [nec
506 3551 547 3598 est
569 3545 719 3614 requiritur
741 3546 812 3614 quod
833 3561 890 3597 cum
908 3544 1023 3598 Halmio
1047 3549 1072 3597 et
1093 3546 1206 3599 Baitero

172 3631 323 3684 Muellerus
341 3630 425 3685 edidit
448 3632 492 3698 (ef.
514 3632 549 3684 ud
563 3648 595 3699 p.
610 3633 669 3695 205,
687 3633 727 3695 18)
747 3649 829 3699 neque
847 3648 879 3683 ee
896 3629 1055 3700 popularem
1072 3631 1206 3700 scripture

176 3719 222 3786 (es.
233 3735 264 3785 p.
281 3719 338 3780 197,
355 3717 392 3781 11)
407 3717 604 3786 quodpropter
616 3717 760 3771 Halmium
776 3735 866 3768 moneo
884 3720 954 3768 reete
971 3716 1099 3786 efficitur]

170 3807 279 3854 nemine
297 3803 326 3854 Β
342 3819 450 3856 nemrne
468 3803 496 3853 A
513 3803 559 3855 sed
575 3802 681 3856 uidetur
692 3805 705 3816 ”
718 3802 747 3854 in
762 3802 900 3867 ferumine
916 3801 1083 3854 membranae
1091 3801 1206 3871 periisse

278 3889 309 3939 12
328 3886 439 3941 uenires
455 3885 565 3940 sublata
582 3888 760 3942 eoobrarrone
777 3885 914 3939 censorias
929 3887 956 3936 B
1061 3887 1092 3937 13
1110 3905 1165 3940 um
1177 3889 1205 3941 Β

170 3965 231 4043 ωτιι
244 3992 272 4041 Α
422 3989 534 4043 lanatus
549 4009 610 4043 corr
632 3990 685 4043 laen
703 3992 731 4042 A
858 3991 888 4040 15
913 3978 1021 4042 rareio
1040 3991 1068 4042 Β

172 4078 205 4128 16
222 4076 351 4145 quodque
376 4075 505 4128 editiones
522 4092 631 4144 quoque
648 4076 704 4128 AB
833 4074 983 4128 defendant
1006 4075 1134 4127 editiones
1158 4073 1203 4126 de-

169 4160 270 4237 iendat
287 4162 343 4214 AB
467 4162 498 4212 17
516 4160 650 4231 principis
669 4160 773 4214 ordinis
795 4160 933 4214 Turnebus
953 4164 989 4225 (ut
1007 4165 1045 4212 est
1063 4161 1091 4212 in
1110 4160 1203 4231 Uopiis
