3030 4876
516 385 678 425 PRAEFATIO
696 386 794 426 NOVAE
811 386 959 426 EDITIONIS
1186 397 1257 440 XVII

224 545 376 629 integras,
401 566 473 607 eam
496 545 592 627 plane
616 544 762 631 neglexit
783 567 890 628 neque
914 546 1057 629 agnouit.
1089 569 1167 610 uam
1193 548 1257 612 nisi

225 665 283 749 qui
305 676 463 748 occupata
485 676 594 728 mente
610 664 742 743 iudicat,
759 665 935 748 perspiciat
951 678 1078 750 oportet
1092 689 1130 730 rte
1145 669 1259 733 onata

205 772 255 870 p.
275 792 328 865 93,
347 793 382 864 4,
396 785 583 868 procidente
596 784 699 869 sisque
714 796 886 868 apparente
901 809 933 869 p.
952 793 1000 863 96,
1021 795 1036 847 7
1055 810 1072 850 e
1090 789 1257 851 communi

224 906 314 970 fonte
339 908 452 970 ductas
474 907 649 988 scripturas
673 929 756 970 esse:
775 906 893 989 quibus
913 907 1056 990 probatis
1072 919 1110 971 ut
1124 930 1182 991 par
1198 920 1254 988 est,

224 1027 382 1090 nimirum
406 1038 563 1091 corruunt
584 1025 660 1089 illae
680 1049 760 1109 quas
783 1028 823 1090 de
845 1026 944 1110 prisci
967 1028 1123 1091 sermonis
1146 1029 1256 1092 imito-

224 1147 313 1211 tione
336 1147 489 1211 Tulliana
517 1146 658 1210 rationes
679 1147 829 1230 exposuit
851 1146 1091 1230 Heinsianique
1115 1149 1255 1214 maxime

224 1267 345 1332 codicis
374 1270 438 1332 fide
469 1267 606 1331 stabiliri
629 1266 750 1331 uoluit:
775 1266 955 1330 tamenim
984 1267 1169 1333 inconsulto
1192 1270 1255 1332 im-

223 1400 303 1472 petu
326 1388 428 1452 fertur
444 1401 482 1452 ut
499 1411 541 1451 ne
565 1388 676 1451 uideat
699 1388 833 1471 quidem
855 1399 978 1470 quanto
994 1411 1090 1472 opere
1109 1390 1171 1453 sibi
1186 1391 1255 1474 ipse

223 1509 260 1571 in
281 1509 343 1572 ista
366 1508 585 1593 disputatione
612 1510 811 1572 aduersetur.
846 1520 879 1572 et
907 1521 1018 1572 tamen
1038 1510 1134 1573 'idem
1156 1511 1256 1575 etiam

224 1630 425 1714 argumentis
448 1631 668 1694 demonstrare
691 1652 859 1714 aggressus
886 1640 941 1708 est,
966 1629 1143 1694 Heinsiani
1166 1633 1256 1696 codi-

224 1750 269 1814 cis
291 1751 456 1834 propriam
480 1773 546 1814 esse
570 1762 603 1813 et
631 1773 650 1812 a
672 1749 838 1815 Vossianis
862 1749 1044 1814 seiunctam
1066 1753 1256 1817 memoriam

223 1870 328 1954 iisque
351 1873 447 1949 adeo,
473 1871 500 1934 si
524 1872 572 1934 dis
600 1872 723 1954 placet,
749 1881 870 1949 aetate,
895 1893 963 1934 uon
985 1872 1091 1935 solum
1113 1874 1256 1938 auctori-

223 2002 304 2071 tate,
330 1991 539 2075 superiorem.
570 1992 693 2074 inqua
721 2014 754 2054 re
785 1991 852 2054 leui
882 1992 1034 2054 bracchio
1061 2014 1161 2077 agens
1190 1995 1255 2058 duo

223 2112 278 2175 uel
305 2112 368 2175 tria
396 2112 534 2196 arripuit
562 2112 755 2175 festinanter
785 2111 904 2194 quibus
930 2112 993 2175 hoc
1023 2135 1056 2176 se
1085 2114 1158 2177 aliis
1180 2137 1256 2199 pro—

221 2234 299 2296 bare
321 2255 414 2316 posse
436 2233 581 2317 putauit:
606 2255 667 2296 nec
690 2232 825 2310 mirum;
850 2254 927 2295 nam
949 2232 996 2295 ita
1018 2244 1096 2296 sunt
1114 2234 1256 2317 philolo-

222 2353 271 2436 gi:
297 2375 363 2416 non
393 2354 498 2416 multa
527 2353 591 2437 ipsi
618 2354 725 2437 legere
753 2363 811 2415 aut
833 2353 998 2436 operosius
1021 2377 1176 2436 quaerere
1199 2357 1256 2419 sed

221 2474 334 2536 fauore
349 2473 452 2558 magis
468 2496 567 2556 quarn
589 2496 623 2537 re
646 2474 814 2557 explorata
835 2473 981 2537 iudicare
1004 2475 1099 2556 eique
1116 2476 1173 2557 qui
1194 2498 1253 2559 po-

222 2604 361 2656 stremus
386 2597 486 2658 uerba
508 2594 622 2657 fecerit
644 2594 842 2677 applaudere
858 2594 973 2656 securi.
999 2594 1108 2677 itaque
1132 2606 1170 2658 ut
1184 2595 1253 2679 ipse

222 2714 284 2776 sibi
306 2715 489 2797 gratulatus
511 2716 662 2797 estquod
684 2715 719 2777 in
737 2736 835 2777 causa
856 2713 1049 2798 grauissima
1065 2737 1124 2778 sua
1139 2728 1254 2799 sponte

221 2835 257 2897 in
280 2836 418 2897 eandem
441 2857 517 2897 curn
539 2835 700 2898 Muellero
723 2833 913 2917 opinionem
935 2835 1089 2913 incurrit,
1114 2835 1161 2898 ita
1186 2836 1253 2900 illis

221 2956 287 3017 iam
310 2955 374 3018 duo
398 2956 519 3019 assensi
541 2966 626 3034 suut,
649 2955 705 3038 qui
729 2977 804 3017 curn
827 2954 908 3017 scire
933 2955 1095 3034 deberent,
1121 2979 1154 3019 se
1177 2958 1254 3020 uul-

222 3075 289 3137 lam
310 3086 436 3159 partem
458 3077 577 3139 harum
598 3099 708 3139 rerum
723 3086 874 3139 accurate
897 3085 929 3138 et
951 3087 989 3138 ut
1004 3076 1139 3139 decebat
1157 3077 1254 3140 inue-

222 3196 369 3281 stigasse‚
396 3197 521 3278 creduli
549 3199 687 3260 eandem
710 3219 809 3280 quam
831 3197 881 3260 illi
903 3196 1093 3280 praeierunt
1116 3197 1252 3261 cantile-

221 3340 298 3379 nam
321 3328 495 3380 cantarunt
518 3319 557 3381 de
574 3318 684 3381 codice
700 3318 892 3381 Heinsiano.
922 3318 979 3380 sed
993 3319 1153 3381 Iordanus
1169 3340 1252 3401 quae

221 3438 358 3520 protulit
373 3438 491 3521 quibus
506 3439 606 3502 fidem
629 3450 661 3502 et
683 3437 842 3522 originem
865 3438 1040 3502 Heinsiani
1063 3438 1139 3502 libri
1160 3451 1253 3522 pate-

221 3557 357 3635 faceret,
383 3581 496 3623 eorum
526 3559 671 3642 primum
694 3559 1001 3629 commemoratione
1024 3559 1161 3644 dignum
1185 3583 1252 3625 non

222 3689 268 3741 est
288 3682 328 3763 (p.
348 3686 396 3758 95,
416 3683 461 3762 Γ),
485 3680 626 3742 alterum
648 3680 709 3743 hoc
733 3690 782 3743 est
796 3703 827 3764 p.
847 3688 896 3759 97,
915 3688 931 3742 3
956 3679 1054 3743 inrita
1075 3680 1253 3765 infestaque

220 3801 291 3876 ΑΒ,
308 3799 486 3884 infectaque
500 3800 719 3864 Heinsianus:
743 3823 862 3884 nempe
884 3801 946 3864 hoc
963 3801 1050 3884 quod
1072 3823 1189 3863 uerum
1205 3823 1245 3864 es-

220 3919 442 3983 Heinsianum
457 3943 498 3984 ex
513 3944 571 3984 suo
588 3922 729 4004 quodam
744 3922 919 4006 archetypo
935 3920 1074 4004 petiisse,
1092 3943 1160 3985 non
1168 3924 1251 3985 Vos-

220 4040 384 4103 siauorum
407 4041 610 4104 leuideusem
632 4063 773 4104 errorem
789 4064 830 4104 ex
846 4042 1013 4106 communi
1032 4042 1122 4105 fonte
1145 4053 1234 4105 trans

217 4161 330 4229 latum.
345 4161 391 4223 uti
408 4163 469 4222 bac
486 4161 676 4224 praesertim
691 4163 845 4225 iunctura
855 4162 1029 4227 nominum
1043 4161 1077 4218 in
1095 4174 1239 4246 prompti
