3030 4876
244 357 304 398 vm
685 347 847 388 murno

244 519 355 572 autem
378 507 548 584 editorum,
573 507 631 590 qui
652 506 710 570 illo
733 508 863 570 saeculo
878 508 940 571 hoc
956 530 1037 592 opus
1057 511 1278 593 peculiaribus

243 627 362 693 libellis
391 628 556 691 edendum
583 640 797 706 curanerunt,
836 650 933 691 nemo
963 630 1080 693 melius
1107 633 1147 695 de
1176 656 1214 696 co
1244 647 1278 698 et

243 748 448 812 emendando
471 760 504 811 et
526 749 708 811 enarrando
730 746 866 811 meritus
888 762 936 812 est
950 750 1094 815 Adriano
1111 753 1273 817 Turnebo.

242 871 336 933 cuius
358 880 422 932 tres
445 867 604 931 editiones
626 867 708 930 mihi
729 881 857 951 praesto
885 869 1033 948 fuerunt,
1061 872 1167 955 prima
1188 896 1274 938 anno

240 1009 424 1055 rrnxxxmn
457 988 489 1050 h.
526 1010 553 1051 e.
588 988 704 1051 eodem
736 1010 801 1071 quo
834 988 970 1053 Roberti
1003 991 1161 1075 Stephani
1193 994 1275 1058 liber

241 1111 372 1188 emissa,
398 1120 435 1173 ut
457 1107 524 1171 utri
546 1130 659 1171 eorum
682 1108 826 1193 egregias
853 1111 1009 1192 quasdam
1032 1114 1274 1178 emendationes

240 1232 365 1295 tribuas
386 1229 422 1292 in
445 1227 597 1312 ambiguo
620 1228 677 1306 sit,
709 1250 747 1291 ea
769 1227 868 1292 editio
895 1251 963 1293 non
985 1232 1085 1295 uerba
1108 1234 1274 1298 Ciceronis

240 1352 297 1415 sed
319 1348 591 1414 commentarium
618 1359 749 1412 tantum
771 1350 916 1412 Turnebi
944 1352 1113 1435 complexa
1142 1354 1273 1418 editoris

239 1493 360 1535 nomen
382 1470 419 1532 in
439 1471 584 1553 praefixo
613 1468 793 1532 acrosticho
822 1481 925 1546 tenet,
954 1473 1098 1535 secunda
1125 1497 1153 1536 a.
1176 1495 1273 1538 unnn

239 1604 272 1656 et
295 1591 390 1654 tertia
411 1611 439 1652 a.
463 1609 582 1652 mnnvn
598 1588 765 1654 Ciceronis
787 1590 870 1653 libro
892 1612 911 1652 a
931 1591 1085 1660 Turnebo
1107 1595 1272 1678 recognito

239 1711 386 1775 eiusdem
409 1709 657 1773 commentarios
680 1721 840 1773 correctos
863 1722 896 1773 et
917 1723 1029 1774 auctos
1051 1713 1239 1776 subiiciunt.

301 1829 396 1894 Nihil
418 1829 490 1893 dico
514 1830 554 1892 de
576 1829 796 1893 recentiorum
812 1830 999 1894 criticorum
1014 1833 1108 1910 curis,
1134 1856 1273 1915 quorum

237 1952 314 2014 inde
330 1973 348 2012 a
364 1949 500 2013 Dauisio
520 1949 603 2012 alius
625 1950 700 2032 plus
722 1949 794 2029 alio,
819 1972 916 2013 nemo
939 1973 1006 2014 non
1028 1952 1153 2034 aliquid
1167 1955 1272 2017 bonae

236 2059 339 2155 frugis
362 2070 403 2133 ad
425 2069 653 2153 perpoliendos
675 2070 734 2132 hos
756 2070 856 2133 libros
878 2071 997 2149 attulit,
1023 2083 1146 2135 ceteros
1161 2085 1271 2136 autem

235 2190 398 2274 Maduigii
420 2190 624 2273 praeclarum
646 2189 817 2274 ingenium
837 2191 1018 2254 antecessit.
1050 2193 1107 2254 sed
1129 2195 1188 2255 etsi
1203 2216 1271 2256 non

236 2312 306 2374 sine
343 2309 505 2373 industria
548 2310 814 2373 emendationum
857 2312 1047 2394 praesertim
1091 2313 1271 2395 antiquitus

236 2431 396 2494 factarum
426 2442 573 2494 auctores
603 2430 770 2514 indagem,
807 2442 917 2494 tamen
946 2431 1049 2495 fateor
1076 2454 1207 2514 operam
1234 2434 1270 2497 in

236 2573 274 2614 ea
296 2573 330 2614 re
353 2551 492 2633 positam
514 2573 620 2614 meam
643 2572 794 2613 mancam
816 2550 940 2629 exiisse,
969 2563 1133 2615 ettamen
1157 2553 1271 2617 utilius

235 2671 364 2755 putaui,
394 2669 545 2756 progredi
568 2693 632 2755 quo
661 2671 776 2754 possis,
801 2692 899 2753 quam
922 2695 964 2734 ne
987 2672 1173 2735 inchoatam
1196 2674 1270 2756 qui-

236 2792 310 2854 dem
332 2792 419 2854 hano
447 2803 573 2875 partem
600 2791 795 2874 relinquere.
841 2790 933 2854 nolui
961 2803 1072 2854 autem
1095 2815 1268 2877 congerere

236 2910 396 2994 quidquid
433 2932 452 2973 a
488 2911 659 2994 quibusuis
700 2912 829 2974 labente
867 2923 1011 2995 tempore
1049 2913 1269 2978 coniectatum

234 3030 342 3095 fuerit.
388 3051 465 3092 nam
488 3041 563 3093 ante
587 3040 799 3094 monstratam
821 3053 840 3092 a
858 3029 1026 3114 Maduigio
1050 3030 1138 3091 uiam
1162 3044 1194 3094 et
1217 3056 1269 3096 ra-

234 3153 358 3216 tionem
373 3148 615 3233 patefactosque
630 3149 728 3212 Bakii
742 3149 934 3232 Halmiique
948 3149 1108 3212 beneficio
1123 3150 1267 3217 sincerae

234 3270 412 3354 scripturae
434 3269 540 3332 fontes
556 3267 636 3350 quid
650 3267 771 3331 mirum
785 3268 934 3332 homines
954 3268 1064 3330 doctos
1080 3273 1268 3352 ceteroquin

235 3403 267 3455 et
289 3402 401 3454 acutos
419 3410 515 3471 saepe
530 3409 662 3471 operam
678 3387 882 3450 emendando
898 3386 1084 3469 perdidisse,
1110 3399 1142 3450 et
1157 3403 1268 3471 postea

234 3507 590 3595 opinio-'compluribus
613 3507 748 3590 probata
763 3506 819 3569 sed
834 3506 935 3569 nullis
956 3506 1051 3569 certis
1067 3512 1267 3591 argumentis

234 3635 368 3709 firmata,
399 3630 567 3693 inchoatos
596 3648 634 3690 ae
662 3625 759 3688 rudes
787 3625 845 3688 hos
868 3625 966 3719 libros
995 3647 1013 3687 a
1036 3626 1193 3692 Cicerone
1216 3654 1267 3693 re-

233 3754 327 3817 lictos
350 3763 382 3815 et
404 3747 633 3814 additamentis
649 3744 774 3809 alienae
795 3766 912 3808 manus
927 3744 1140 3809 multifariam
1155 3761 1266 3813 auctos

234 3886 267 3937 et
289 3872 484 3936 deformatos
506 3890 581 3945 esse,
608 3864 845 3930 emendationis
867 3863 1032 3926 successui
1054 3888 1120 3928 non
1141 3869 1265 3932 medio-

234 3993 331 4057 criter
353 3990 467 4056 offecit.
513 3988 600 4072 quod
629 3995 742 4049 contra
770 4006 810 4047 ex
833 3983 989 4046 diuturno
1018 4005 1079 4045 usu
1103 4006 1174 4047 eam
1198 4010 1265 4051 esse

233 4115 350 4177 horum
377 4112 535 4175 librorum
561 4104 786 4172 condicionem
815 4100 896 4165 milri
925 4101 1085 4184 persuasi,
1122 4105 1264 4186 primum
