3030 4876
267 371 326 432 148
714 378 736 418 11
755 368 796 429 23,
812 368 844 417 59

263 538 365 603 nostis
392 559 475 621 quae
502 548 672 614 secuntur;
702 537 905 601 discebamus
933 537 1022 600 enim
1048 538 1144 621 pueri
1165 559 1228 615 xri,
1259 550 1297 603 ut

264 663 395 704 carmen
417 641 650 718 necessarium,
676 663 756 722 quas
782 640 848 703 iam
870 662 966 704 nemo
989 641 1094 704 discit.
1119 652 1296 706 extenuato

263 745 364 829 igitur
391 754 524 827 sumptu
552 742 656 806 tribus
682 743 806 806 riciniis
834 753 867 806 et
894 743 1045 808 tunicula
1070 767 1237 828 purpurae
1264 755 1297 808 et

264 849 377 911 decem
399 846 589 910 tibicinibus
611 846 698 911 tollit
713 846 811 910 etiam
825 847 1105 911 lamentationem:
1127 841 1296 911 ‘mulieres

233 973 362 1035 egenas
390 972 431 1012 ne
458 951 598 1012 radunto
625 972 711 1013 neue
739 951 861 1013 lessum
883 949 1007 1013 funeris
1031 973 1105 1034 ergo
1129 945 1295 1014 habento'

262 1054 325 1117 hoc
348 1064 475 1116 ueteres
496 1052 698 1136 interpretes,
716 1054 789 1117 Sex.
806 1053 927 1131 Aelius,
952 1055 990 1116 L.
1007 1053 1141 1132 Acilius,
1159 1076 1228 1117 non
1245 1076 1295 1116 sa-

263 1156 303 1219 tis
326 1178 360 1219 se
382 1156 572 1240 intellegere
596 1155 759 1233 dixerunt,
777 1157 834 1218 sed
849 1155 1007 1239 suspicari
1029 1157 1220 1220 uestimenti
1235 1157 1296 1220 cli-

263 1260 350 1343 quod
372 1280 476 1343 genus
497 1258 652 1336 funebris
671 1260 708 1322 L.
725 1259 839 1322 Aelius
861 1259 982 1322 lessum
1005 1260 1098 1342 quasi
1119 1261 1295 1345 lugubrem

263 1361 482 1440 eiulationem,
507 1371 545 1424 ut
567 1383 633 1425 uox
654 1361 724 1445 ipsa
747 1362 922 1446 significat3
947 1362 1035 1445 quod
1057 1384 1094 1426 eo
1117 1363 1222 1447 magis
1242 1362 1294 1425 iu-

261 1619 385 1675 distinuit
403 1621 441 1672 R.
462 1617 612 1687 Stephanus
631 1616 706 1681 (ilem
727 1617 893 1682 Turnebus)‚·
916 1622 994 1670 antea
1018 1635 1053 1671 ne
1075 1618 1159 1672 facito
1181 1635 1292 1688 rogum:

261 1724 341 1761 ascen
357 1704 518 1777 uulpabulur
603 1719 682 1756 ascen
699 1704 755 1755 AB
773 1700 885 1756 siccone
903 1702 1009 1774 apohto
1028 1705 1065 1759 H
1141 1705 1186 1757 De
1195 1706 1294 1773 forma

261 1809 341 1846 seces
358 1791 419 1845 oliui
433 1790 463 1843 in
481 1807 543 1842 ann.
554 1806 644 1858 ppmn.
659 1793 750 1841 Auslr.
767 1790 831 1841 1860
846 1807 878 1858 p.
893 1792 926 1841 20
1015 1791 1027 1840 1
1046 1787 1186 1868 nosulque
1204 1790 1234 1843 in
1251 1809 1295 1843 ra·

262 1897 327 1931 sura
345 1879 373 1929 A
493 1871 711 1928 2nccelscerum
730 1875 766 1927 H
873 1880 900 1926 ris
917 1875 947 1928 in
964 1875 1019 1928 loco
1036 1894 1099 1928 rasa
1116 1877 1199 1928 trium
1218 1882 1295 1946 quat-

261 1970 354 2017 tuorue
371 1963 522 2016 litterarum
539 1960 637 2030 capaci
654 1963 682 2012 A
787 1958 897 2028 drseitcl
917 1963 954 2015 H
1053 1962 1068 2011 3
1087 1959 1192 2015 normis
1208 1963 1295 2016 Hein-

260 2049 353 2102 sianus
370 2047 475 2102 nemus
491 2065 550 2100 carr
567 2063 613 2100 rec
631 2047 659 2098 B
676 2044 787 2099 recinul'
802 2045 848 2099 sed
868 2062 924 2099 reor
946 2047 975 2099 in
992 2064 1089 2100 rasura
1107 2049 1135 2099 A
1153 2052 1250 2120 confer
1262 2066 1293 2118 p.

263 2137 320 2201 155,
336 2138 352 2187 9
430 2140 458 2187 et
468 2130 593 2187 tunicula
608 2131 746 2185 Turnebus
764 2130 789 2183 &
806 2129 907 2185 urmela
918 2133 946 2185 B
963 2132 988 2185 dc
1006 2131 1098 2186 uincla
1117 2136 1145 2186 A
1165 2133 1295 2188 Heinsiu-

261 2239 311 2275 nus
387 2219 521 2289 purpurei
537 2220 573 2272 H
633 2216 768 2283 [Turnebi
779 2217 958 2270 coniecturam
970 2220 1116 2289 nepleclam
1127 2219 1160 2272 ab
1173 2221 1295 2274 crinibus

261 2322 341 2377 quarn
352 2323 523 2374 reposueruut
531 2323 601 2359 nunc
609 2303 738 2372 probauit
748 2303 898 2357 Muellerus
915 2321 975 2355 eum
986 2304 1080 2358 celeris
1091 2306 1138 2359 sed
1149 2304 1295 2363 ultunicls

260 2408 399 2463 purpurea
416 2392 523 2454 mallet;
542 2396 566 2444 el
584 2392 649 2444 baec
661 2394 701 2442 est
711 2406 775 2441 eane
784 2393 877 2457 postea
888 2390 1008 2460 uulparis
1019 2390 1128 2444 dicendi
1136 2392 1217 2457 ratio,
1232 2409 1295 2445 ues-

260 2485 316 2532 tem
332 2494 508 2548 purpuream,
527 2474 669 2546 chlamyde
687 2492 839 2546 purpurea;
859 2473 964 2529 tuniela
981 2493 1061 2544 quam
1078 2477 1295 2531 restaurabatur

261 2563 352 2617 dubito
370 2582 417 2617 nec
433 2562 610 2632 salr'ssaeiunt
628 2561 748 2630 exempla
765 2561 798 2613 ab
816 2559 862 2613 illo
879 2561 975 2627 allata]
1086 2561 1197 2617 resiniis
1214 2562 1295 2618 relic-

261 2649 297 2703 tis
317 2649 465 2703 Seboellius
477 2648 559 2718 Lapis
571 2656 618 2718 {lg
632 2647 698 2701 Tab.
712 2647 761 2700 rel.
771 2665 803 2717 p.
819 2649 852 2700 56
866 2647 944 2712 (153),
965 2664 1014 2716 quo
1033 2647 1104 2702 nibil
1119 2666 1200 2718 epus:
1218 2666 1290 2715 nam,

262 2736 366 2806 opinor,
386 2735 457 2788 ratio
476 2734 532 2787 eius
550 2732 665 2786 ablatiur'
681 2733 795 2802 simplex
812 2737 851 2786 est
868 2737 893 2785 et
910 2733 1045 2804 uulparis:
1065 2735 1114 2787 boc
1131 2735 1202 2788 enim
1215 2734 1291 2800 dicit,

262 2825 431 2875 extenuatum
448 2838 503 2874 esse
520 2823 655 2888 sumptum
672 2819 758 2872 tribus
770 2818 885 2882 riciniic,
899 2819 935 2871 iis
947 2820 1078 2885 uidelicet,
1094 2839 1162 2891 quae
1174 2821 1293 2892 leefini-

261 2907 303 2960 uit
321 2925 437 2977 quaeque
456 2905 612 2978 transgredi
626 2923 676 2974 per
693 2907 775 2977 lepem
792 2923 846 2958 non
867 2905 958 2958 liceret
975 2905 1107 2972 [Macrob.
1128 2907 1186 2960 Sal.
1208 2909 1233 2971 3,
1250 2909 1291 2971 17,

262 2996 277 3044 5
295 2993 402 3045 Fannia
420 2991 502 3045 etiam
519 2990 674 3062 sumptibus
692 2990 803 3044 modum
820 2990 888 3044 fecit
904 2989 1012 3044 ossibus
1030 2993 1159 3058 centum]=
1179 3009 1231 3061 quo
1244 2992 1293 3045 im-

257 3079 426 3149 probabilius
443 3083 481 3131 est
498 3095 556 3131 cunr
575 3077 687 3131 Halmio
705 3083 730 3131 el
747 3077 859 3131 Baitero
876 3078 941 3131 baec
958 3077 1047 3131 tribus
1068 3077 1293 3132 ...tibicinibus

262 3165 328 3230 tolli,
344 3183 412 3234 quae
429 3182 476 3216 nec
493 3165 541 3234 qui
558 3163 652 3216 addita
669 3163 725 3216 sint
741 3162 902 3233 inlellipitur
919 3168 944 3216 et
956 3182 973 3216 a
986 3163 1111 3218 Cicerone
1122 3163 1226 3233 scripto
1238 3182 1293 3218 esse

261 3251 306 3303 uel
316 3268 347 3303 ea
360 3268 426 3319 quae
438 3269 468 3320 p.
487 3252 544 3315 155,
559 3252 575 3301 9
593 3251 717 3320 lepuntur
725 3250 814 3320 fidens
826 3248 941 3319 faciunt
1017 3248 1208 3303 lubrermbul
1218 3252 1251 3315 (cr
1264 3249 1293 3303 in

261 3339 365 3399 rasura)
383 3339 409 3389 A
513 3338 528 3387 5
547 3333 629 3414 cenas
645 3337 679 3388 H
694 3332 775 3389 cenas
790 3352 851 3389 corr
869 3351 903 3403 ge
915 3337 971 3388 AB
1073 3334 1247 3389 neusdunro
1262 3338 1299 3390 H

372 3420 527 3474 radunrone
545 3438 581 3474 ue
597 3423 626 3476 B
643 3420 861 3488 radunrolsneue
880 3423 903 3485 (ο
922 3422 991 3485 corr)
1011 3422 1039 3472 A
1151 3438 1187 3475 ne
1203 3421 1236 3474 ul
1254 3421 1294 3475 el-

261 3505 320 3560 lum
339 3508 376 3560 H
473 3505 585 3560 funeris
600 3524 661 3560 corr
678 3506 729 3559 fun
747 3508 775 3561 B
886 3506 990 3559 habent
1008 3523 1039 3560 eo
1058 3508 1228 3562 Heinsianus
1245 3508 1295 3563 hs·

260 3592 363 3646 bento*
381 3593 427 3646 sed
445 3609 461 3645 o
478 3611 492 3644 e
510 3610 570 3645 corr
588 3597 613 3646 et
625 3590 686 3645 dein
698 3610 715 3644 o
727 3609 805 3645 ausa
817 3594 845 3646 B
857 3592 997 3646 habento*
1013 3595 1037 3658 (o
1050 3611 1064 3646 e
1077 3596 1144 3659 corr)
1159 3595 1188 3646 A

261 3692 408 3766 61n⁵dp1es
424 3694 488 3749 sexa
506 3692 576 3748 elius
591 3694 623 3748 ul
640 3693 742 3748 acrhrrs
756 3696 792 3748 H
805 3693 984 3777 mterprdges*
1003 3677 1066 3748 febr*
1085 3694 1155 3776 phul
1167 3695 1297 3750 memus

261 3801 307 3854 sed
324 3801 393 3853 duae
410 3797 542 3868 [priores
559 3817 573 3850 e
590 3815 666 3859 carr,·
686 3797 712 3878 pl
729 3817 761 3852 er
780 3797 819 3862 el;
842 3802 903 3852 -bac
920 3817 953 3852 ex
967 3797 1030 3852 ·l·ec
1043 3817 1103 3853 corr
1114 3802 1143 3852 A
1228 3799 1295 3854 acil-

259 3883 316 3937 hus
331 3887 359 3940 B
464 3888 478 3936 7
497 3881 664 3937 uelamenta
683 3903 742 3938 corr
759 3903 785 3937 τι
802 3887 830 3938 Β
927 3885 943 3936 8
961 3883 1086 3939 funebris
1103 3885 1232 3940 editiones
1248 3885 1293 3939 fu-

260 3969 334 4024 nens
350 3971 444 4025 ABH
564 3971 596 4024 L.
617 3970 715 4025 Aelius
736 3971 876 4024 Turnebus
891 3967 991 4023 laehul
1008 3972 1066 4025 AB
1081 3969 1170 4025 lselul
1187 3971 1241 4038 (sic)
1261 3973 1298 4026 H

259 4073 357 4127 Aelius
375 4075 525 4129 Lambinus
626 4072 701 4127 lesui
717 4075 754 4129 H
860 4049 1057 4128 biulerronem
1075 4075 1133 4128 AB
1151 4074 1204 4140 (sic)
1222 4072 1294 4129 ulls·

258 4176 363 4215 nonem
381 4161 549 4216 Heinsianus
639 4159 727 4229 [quasi
744 4165 775 4214 at
792 4159 821 4213 in
837 4161 997 4230 explicanda
1013 4177 1091 4214 uoce:
1113 4162 1191 4216 Tusc.
1208 4161 1231 4226 1,
1249 4161 1290 4225 lo,

342 4397 382 4455 θ’
412 4391 473 4429 ²²⁸⁴
493 4409 509 4419 ’“
