3030 4876
648 359 702 421 12,
722 359 789 409 o-r
1213 361 1232 421 9

204 531 245 592 ad
261 527 419 607 Coelium,
437 529 494 592 sed
512 529 622 613 potius
638 529 679 591 ad
695 529 905 610 antiquorum
919 529 1112 612 languorem
1132 541 1164 593 et
1183 529 1236 592 in-

161 640 177 692 7
202 631 340 696 soitiam.
363 654 441 695 nam
464 632 544 713 quid
562 632 713 694 Macrum
735 653 914 709 numerem,
940 631 1034 695 ouius
1056 631 1236 714 loquacitas

203 736 303 799 habet
325 734 450 817 aliquid
472 734 681 818 argutiarum,
706 756 767 796 neo
790 734 825 797 id
847 745 957 797 tamen
977 755 1017 797 ex
1036 735 1094 797 illa
1109 735 1237 798 erudita

203 839 408 904 Graecorum
427 837 521 921 copia
540 831 597 901 se'd
616 860 658 900 ex
673 837 846 900 librariolis
862 837 997 915 Latinis,
1022 839 1058 900 in
1081 838 1237 901 orationi-

201 943 265 1004 bus
281 951 392 1005 autem
407 941 527 1004 multas
542 940 690 1024 ineptias,
708 939 805 1003 elatio
821 961 983 1004 summam
997 940 1235 1024 inpudentiam.

198 1148 232 1200 p.
254 1131 319 1181 429:
343 1134 437 1183 contra
459 1129 584 1182 dicerunt
602 1146 661 1182 cum
679 1128 731 1182 alii
752 1132 807 1181 tum
829 1129 852 1182 is
871 1129 918 1198 qui
939 1127 1020 1181 nimis
1043 1130 1238 1183 inconsiderate

203 1213 308 1268 iudicat
325 1215 459 1268 Iordanuo
481 1215 584 1278 (Herm.
604 1217 634 1279 6,
655 1217 731 1278 209);
752 1215 884 1285 quidquid
901 1215 971 1268 enirn
988 1215 1021 1268 (le
1038 1212 1120 1268 bellis
1141 1215 1238 1268 statui-

204 1306 257 1365 tur,
277 1301 406 1354 indicium
424 1300 456 1354 cle
467 1300 604 1353 Asellione
622 1300 692 1353 idern
711 1305 749 1353 eet
766 1318 848 1369 neque
868 1301 959 1369 agitur
977 1303 1007 1354 dc
1016 1302 1079 1371 stole
1096 1306 1121 1353 et
1138 1301 1239 1354 uirtute

205 1385 337 1439 historica
353 1386 399 1439 aad
410 1386 443 1439 da
459 1385 522 1438 etilo
540 1390 565 1438 at
583 1385 720 1438 oratione:
739 1391 833 1438 tamara
849 1404 912 1438 uero
929 1387 1064 1441 Valerium
1081 1388 1233 1453 (Antiatem)

205 1471 351 1536 deciderat,
372 1472 428 1524 eius
440 1472 507 1524 aclea
522 1490 615 1524 nornen
631 1490 662 1524 aa
676 1471 744 1525 belli
758 1471 861 1541 pratici
871 1489 952 1540 posse
969 1473 1127 1526 hariolatus.
1146 1479 1238 1527 contra

203 1555 272 1614 belli
290 1562 357 1611 nata
377 1574 429 1611 aaa
446 1559 484 1610 acl
499 1557 684 1626 recipiendam
699 1558 813 1611 colorem
827 1557 959 1610 ironicum
976 1560 1012 1622 (ut
1023 1557 1114 1612 bellus
1126 1559 1236 1629 hospes,

204 1641 433 1712 bellum,filium,
457 1641 549 1695 bellus
571 1641 713 1696 blanditur
734 1641 787 1696 tibi
809 1643 882 1713 apud
900 1645 1062 1710 Plautum)‚·
1081 1645 1133 1698 duo
1151 1650 1238 1698 autem

204 1729 331 1794 nomina,
356 1729 435 1798 quati
450 1729 565 1797 eaempli
581 1747 676 1792 causa,
696 1728 839 1787 danubium
856 1734 993 1798 ponuntur
1005 1731 1090 1797 plane
1108 1731 1139 1782 de
1156 1747 1236 1795 arare,

204 1817 279 1868 uelut
297 1816 334 1868 acl
350 1816 409 1867 Aa.
430 1818 454 1880 6,
476 1816 500 1879 3,
522 1817 536 1865 5
556 1813 656 1867 amieos
674 1813 758 1867 habet
774 1831 864 1867 meras
881 1832 978 1884 nugas,
999 1815 1155 1881 Matinium,
1177 1814 1239 1869 Soa·

202 1899 308 1971 ptium;
329 1901 361 1954 de
379 1901 430 1969 lap.
448 1903 473 1965 2,
491 1901 533 1965 23,
552 1902 584 1952 59
602 1905 712 1953 ueteres
729 1899 902 1969 interpretes,
924 1897 987 1953 Sex.
1001 1899 1107 1966 Aelius,
1129 1902 1161 1954 L.
1176 1900 1239 1954 Aei-

200 2002 279 2068 lius.]
383 2006 394 2055 1
415 2001 503 2056 coalui
522 2003 550 2054 A
568 2000 683 2056 caelmm
701 2003 728 2055 B
746 2000 816 2079 aeliu
835 2005 870 2055 H
902 2075 916 2086 ..
968 1986 1082 2073 lang'ore
1100 2005 1128 2056 A
1143 2002 1240 2072 lango·

203 2107 263 2143 rem
280 2091 317 2143 H
433 2087 590 2157 rnlscruam
607 2088 653 2140 secl
671 2104 685 2141 o
703 2105 763 2141 corr
779 2106 811 2141 en
827 2107 844 2140 τ
861 2091 889 2142 Β
906 2089 932 2154 ὄζι
949 2088 1087 2142 rusornam
1109 2088 1146 2153 (in
1162 2107 1240 2158 rnarp

203 2196 273 2262 atqtl
295 2194 331 2247 H
444 2193 554 2256 lnam]
570 2164 602 2244 itt
619 2192 647 2245 B
756 2190 881 2244 Macrum
899 2193 1011 2246 Carolus
1030 2193 1157 2263 Sigonius
1175 2193 1240 2246 aeni

204 2281 263 2333 AB
280 2295 373 2332 acrum
390 2279 426 2332 H
504 2274 684 2358 ¹loquacrrasu
698 2279 744 2330 aad
761 2276 849 2331 aenas
864 2278 892 2331 iu
909 2281 1047 2360 rasuraB
1145 2281 1240 2347 lgre·

204 2383 274 2436 eoru
290 2383 355 2435 ΑΗ
463 2358 638 2458 εκᾞςςῃὶψ
656 2379 760 2458 linguis
779 2381 821 2445 (in
839 2359 1097 2451 marslrbrarrohs)
1119 2384 1156 2436 H

205 2489 222 2537 5
247 2482 348 2538 multas
371 2482 490 2553 ineptias
510 2484 655 2539 deteriores
678 2484 816 2549 nonnulli,
842 2485 879 2538 R.
899 2485 1050 2553 Stephanae
1073 2454 1189 2559 multis
1197 2503 1240 2537 rn-

207 2585 293 2657 eprul'
303 2588 359 2640 AB
377 2571 480 2663 inaltat
488 2571 611 2657 ,ineptus
628 2589 663 2652 (in
675 2566 877 2656 marq'inulrus
893 2588 925 2653 &J
944 2588 980 2640 H
1061 2586 1165 2653 [Voluit
1181 2605 1241 2640 cor·

204 2694 295 2744 rector
311 2686 416 2742 multus
435 2696 462 2742 et
478 2688 589 2759 ineptus
612 2693 654 2754 (ut
670 2689 774 2743 multus
793 2697 820 2742 et
837 2688 973 2754 insolens,
994 2687 1097 2742 multus
1116 2696 1144 2743 et
1161 2689 1240 2743 odio-

208 2794 265 2840 sus,
285 2774 371 2829 multa
389 2781 417 2827 et
433 2773 569 2840 molesta),
586 2777 657 2844 quod
675 2781 723 2829 aut
740 2776 919 2845 recipiendum
937 2780 983 2827 aut
1000 2774 1179 2828 alliciendum
1197 2781 1240 2828 to-

206 2867 264 2916 turn
282 2867 334 2925 cot,
354 2879 408 2914 aon
425 2860 582 2913 abutendum
600 2866 629 2914 ut
647 2862 708 2914 inde
726 2861 866 2930 efficiatur·
882 2861 959 2914 aliud
1059 2858 1141 2914 elatio
1161 2863 1241 2916 codex

207 2949 238 3001 s.
257 2947 381 3011 Victoris,
403 2947 439 2999 Il.
453 2947 605 3015 Stephanus
623 2946 701 3002 dano
719 2947 783 2999 BH
797 2945 874 2999 daero
892 2946 939 2999 red
956 2963 971 2999 e
987 2952 1117 3000 mutatum
1135 2947 1164 3000 in
1181 2966 1196 3000 τ
1213 2948 1241 3000 Α

295 3036 370 3105 sumi
386 3035 551 3120 mpudenui
570 3049 639 3118 lfm'l
655 3049 792 3119 utrobique
804 3052 826 3114 a)
843 3051 871 3101 Α
889 3048 992 3102 summa
1009 3049 1200 3118 inpudennar‘n
1213 3052 1242 3105 B

206 3135 312 3191 summi
333 3136 524 3211 mpudentram¹
544 3136 596 3200 laic)
619 3136 655 3188 H
757 3135 844 3200 [Quod
854 3135 937 3204 posui
952 3139 982 3187 ut
995 3135 1120 3204 proxima
1139 3137 1243 3190 aceedit

207 3223 245 3276 ad
260 3223 363 3276 litterar
381 3222 503 3287 traditae,
524 3239 578 3275 non
596 3223 741 3284 correctae,
762 3220 803 3273 ita
821 3220 1001 3274 concinnitate
1016 3221 1147 3274 orationis
1165 3223 1241 3276 adiu-

207 3313 304 3361 uatur:
319 3303 411 3360 ‘euius
429 3305 581 3377 loquacitas
599 3306 683 3360 habet
701 3305 806 3375 aliquid
824 3305 1002 3374 argutiarum,
1023 3305 1052 3359 in
1070 3307 1242 3362 orationibus

207 3391 309 3448 multas
321 3389 464 3464 ineptias';
485 3399 510 3447 et
522 3389 688 3462 ‘loquacitas
705 3390 790 3446 habet
806 3391 907 3445 multas
922 3391 1049 3462 ineptias,
1071 3391 1154 3447 elatio
1171 3411 1242 3447 sum-

207 3496 281 3532 mam
308 3476 531 3548 impudentiam.
563 3497 612 3548 quo
642 3479 729 3531 minua
759 3496 855 3548 sequar
879 3479 1042 3532 Manrnneni
1064 3479 1242 3532 coniecturam

209 3564 348 3628 (Chronol.
356 3567 433 3634 alb)
443 3561 546 3618 latinis.
558 3565 591 3616 In
603 3562 775 3618 orationibus
787 3570 879 3618 autem
890 3561 976 3617 multa
989 3571 1031 3619 set
1042 3563 1136 3634 inepta
1148 3563 1241 3631 elatio,

208 3666 315 3704 summa
331 3649 512 3719 impudentia,
533 3649 715 3719 compluribus
727 3651 886 3718 prolatam,
907 3668 975 3718 quac
994 3669 1042 3703 nec
1058 3650 1156 3704 nititur
1174 3650 1243 3704 ocri-

202 3739 292 3807 ptura
303 3735 448 3807 primitiae
461 3741 486 3789 et
501 3736 562 3806 ipsa
573 3739 671 3806 fornia
689 3741 714 3789 et
729 3741 879 3789 structurae
893 3753 987 3805 penne
1000 3754 1100 3804 parurn
1116 3753 1243 3790 commen-

209 3823 274 3876 dari
288 3821 411 3876 uidetur:
431 3828 543 3876 cetarum
559 3820 685 3875 elationis
703 3820 874 3891 impudentia
893 3826 962 3883 recta
979 3821 1078 3874 dicitnr
1092 3822 1118 3874 ei
1131 3821 1244 3890 quidem]

208 3906 381 3977 impudentia
399 3908 517 3962 cuiusuis
534 3907 576 3961 rei
592 3912 638 3973 cot,
654 3925 720 3977 quae
737 3908 844 3960 modurn
859 3906 980 3962 excedat:
1000 3908 1081 3960 clear.
1096 3908 1120 3972 3,
1135 3908 1177 3972 43,
1194 3909 1243 3959 169

209 3993 350 4047 abutimur
374 4010 456 4064 saepe
481 3992 562 4046 etiam
586 3993 672 4046 uerbo
696 4010 751 4046 non
774 3998 830 4045 tam
851 3990 990 4061 eleganter
1008 4010 1090 4062 quam
1108 3991 1137 4044 in
1154 3998 1242 4046 trans-

208 4077 338 4143 ferendo,
366 4079 414 4134 sed
439 4077 546 4133 etiamsi
568 4076 698 4133 licentius
720 4084 811 4131 tamen
835 4078 973 4132 interdum
996 4096 1051 4132 non
1069 4077 1244 4147 impudenter

214 4166 355 4229 (Horatius
372 4163 485 4218 lieentia
503 4172 611 4235 sumpta
629 4164 790 4235 pudenter)=
811 4165 856 4218 cni
869 4164 1006 4218 contraria
1023 4168 1062 4216 eet
1076 4162 1244 4217 uerecundia
