3030 4876
529 341 552 380 11
570 330 611 392 21,
628 330 740 380 52-53
1094 332 1151 394 137

122 499 282 578 maximis,
306 499 451 583 itemque
467 501 589 578 ceteris
612 522 674 578 eoS,
700 501 756 583 qui
778 502 974 564 tantundem
989 518 1151 587 caperent,

124 614 286 687 quantum
302 625 413 666 omnes
435 604 578 682 heredes,
604 603 702 666 sacris
725 603 861 688 alligari.
884 604 988 667 habeo
1003 606 1055 669 ius
1070 629 1153 690 pon-

72 708 272 771 53tificium.
302 707 382 789 quid
409 707 475 769 huc
503 706 638 769 accessit
665 728 706 768 ex
731 706 802 769 iure
830 706 942 770 ciuilir
969 710 1153 791 partitionis

123 822 223 895 caput
245 809 403 892 scriptum
425 819 527 886 caute,
552 820 590 872 ut
605 820 739 872 centum
754 811 882 871 nummi
898 811 1151 878 deducerentur:

122 914 261 976 inuenta
284 924 332 975 est
354 911 443 989 ratio,
469 934 528 974 cur
549 912 690 995 pecunia
713 934 878 976 sacrorum
900 915 1048 981 molestia
1070 917 1182 982 libe-s

122 1027 257 1079 raretur.
288 1015 380 1098 quasi
406 1015 481 1092 hoc,
512 1015 568 1097 qui
595 1025 827 1079 testamentum
855 1017 1005 1095 faciebat,
1038 1041 1153 1084 cauere

121 1118 289 1196 noluisset,
315 1119 468 1181 admonet
482 1117 755 1204 iurisconsultus,
774 1120 828 1182 hic
844 1121 977 1203 quidem
992 1121 1061 1204 ipse
1076 1125 1153 1186 Mu-

123 1222 202 1300 ciuS,
234 1222 384 1304 pontifex
409 1221 505 1299 idem,
535 1231 572 1284 ut
602 1221 712 1284 minus
742 1223 850 1306 capiat
877 1246 975 1306 quam
1001 1226 1153 1290 omnibus

122 1325 298 1388 heredibus
325 1325 538 1406 relinquatur.
563 1347 660 1408 supra
684 1326 842 1403 dicebant,
869 1327 1026 1409 quicquid
1049 1331 1153 1413 cepis-

122 1600 148 1652 &
166 1597 385 1667 hncolruncarro
405 1601 432 1652 B
455 1599 480 1650 &
499 1615 657 1652 coruncano
677 1600 737 1652 HA
758 1600 850 1652 sedin
867 1601 914 1652 boc
932 1602 958 1654 &
977 1619 1041 1657 coru
1060 1604 1089 1656 in
1107 1623 1154 1657 ra-

121 1703 187 1738 sura
280 1686 292 1734 1
312 1675 431 1752 itemque
450 1684 593 1737 Manutius
605 1684 753 1754 ¹rdemquae
770 1690 796 1739 A
813 1685 909 1757 rdemq
928 1689 995 1741 BH
1080 1707 1154 1743 cete-

122 1768 162 1823 ris
177 1767 278 1823 cerens
293 1772 321 1823 B
340 1767 440 1848 cerens
457 1771 494 1823 H
607 1769 731 1838 ranlrum
749 1770 810 1823 dem
827 1775 855 1826 Β
975 1791 1022 1844 qur
1043 1793 1155 1829 rantum

122 1854 182 1909 oriri
197 1856 292 1908 mediis
310 1855 415 1909 omissis
435 1857 472 1909 H
556 1857 571 1908 2
589 1855 704 1909 heredes
722 1857 849 1911 editiones
867 1858 1016 1913 heredrbus
1030 1863 1096 1914 ΑΗ
1108 1861 1156 1914 he-

122 1941 205 2002 red1b;
225 1943 253 1994 B
367 1941 455 1994 habeo
475 1942 640 1995 Heinsianus
657 1942 742 1994 *abeo
761 1944 789 1994 A
807 1944 874 1996 abeo
893 1947 921 1998 B
1037 1948 1052 1997 3
1074 1945 1155 2000 crurle

122 2045 183 2080 corr
199 2024 219 2078 11
237 2029 265 2078 A
380 2026 545 2096 parncronrs
559 2028 684 2082 distincte
704 2029 740 2080 H
855 2030 1005 2100 pancionrs
1020 2032 1110 2102 capud
1128 2035 1155 2086 Β

243 2112 388 2165 4111111111111
407 2113 576 2167 ducerentur
595 2116 631 2167 H
741 2114 962 2170 *deducerentur
982 2117 1043 2180 (ded
1060 2119 1089 2172 in
1107 2138 1155 2172 ro-

122 2219 194 2281 sura)
214 2219 242 2268 A
351 2191 430 2283 boui
447 2219 475 2270 B
582 2216 676 2284 lacroa
693 2214 830 2281 sacroAEn
849 2220 886 2272 H
1000 2219 1155 2274 liberaret*

124 2302 147 2367 (⁸
164 2322 181 2355 a
200 2308 267 2368 corr)
285 2305 313 2356 Β
426 2306 441 2355 6
460 2304 539 2372 quasi
556 2303 655 2374 scripsi
670 2300 741 2372 qurlr
759 2303 786 2354 Β
804 2303 872 2371 quid
889 2303 910 2356 11
927 2306 993 2358 AH
1005 2306 1105 2375 quodsi
1118 2309 1153 2360 Β.

125 2389 291 2458 Steplranus,⁸
303 2389 410 2455 [retinui
418 2389 487 2458 quod
492 2406 636 2459 posueram
644 2389 738 2458 quasi,
752 2392 823 2458 quod
831 2391 880 2459 qui
890 2390 1091 2462 inzpupnarunt,
1102 2409 1156 2444 non

123 2479 192 2526 recte
209 2480 347 2543 ceperunt,
368 2494 400 2527 ne
420 2474 578 2527 Huscbkins
596 2474 715 2543 quidem,
736 2476 833 2528 nedum
854 2476 878 2528 ii
893 2477 941 2545 qui
958 2477 987 2529 in
1006 2479 1081 2530 clara
1098 2478 1155 2530 tuce

123 2560 254 2612 caecutire
271 2561 357 2613 solent
374 2566 399 2613 et
417 2564 505 2613 tamen
522 2559 693 2628 superbiunt:
706 2562 849 2633 pontifices
861 2579 893 2614 ex
906 2562 1041 2616 Ciceronis
1054 2568 1156 2616 senten-

123 2645 173 2710 tia,
192 2648 218 2698 si
235 2645 300 2714 quid
317 2646 346 2698 in
361 2644 522 2716 partitionis
539 2645 626 2713 capite
643 2646 732 2699 minus
750 2652 824 2699 caute
842 2647 972 2716 scripturn
989 2649 1014 2701 b.
1028 2667 1049 2701 e.
1067 2649 1093 2700 si
1109 2649 1155 2701 de-

120 2733 201 2784 ducta
219 2749 299 2799 quarn
313 2750 345 2800 p.
362 2733 420 2795 134,
437 2734 451 2782 7
464 2730 532 2784 dicit
539 2732 691 2800 praeterito
703 2737 768 2794 erat,
784 2733 919 2786 testatoris
931 2734 1094 2786 uoluntatem
1101 2751 1155 2802 po-

73 2815 85 2863 ⁴.
122 2818 176 2869 tius
199 2817 376 2885 interpretari
397 2833 480 2885 neque
501 2816 641 2869 concedere
659 2817 786 2871 debebant
804 2823 834 2871 ut
856 2819 995 2888 quicquam
1014 2820 1098 2888 quasi
1110 2818 1154 2872 in-

121 2903 219 2956 sciente
237 2907 362 2956 testatore
370 2904 463 2972 fieret,
485 2920 558 2971 quern
571 2901 726 2957 admodum
737 2905 767 2956 in
778 2905 922 2958 donatione
941 2906 1011 2974 quod
1028 2905 1156 2958 insciente

122 2988 230 3042 domino
247 2991 418 3054 factumest,
438 2994 528 3041 ratum
544 3007 598 3041 non
615 2989 726 3042 babetur
745 2992 785 3059 (p.
807 2992 866 3055 134,
885 2992 947 3056 10):
968 2991 1014 3043 ilii
1030 3010 1106 3055 uero,
1126 2995 1156 3042 ut

122 3079 253 3145 appareat
270 3092 313 3127 eos
329 3075 510 3144 pontificalem
529 3075 716 3128 auctoritatem
734 3075 846 3129 edentia
860 3076 939 3130 ciuili
949 3078 1062 3140 eludere,
1077 3076 1156 3145 quasi

122 3165 241 3224 testator,
263 3160 292 3212 id
309 3161 378 3230 quod
388 3163 469 3230 forte
487 3165 560 3213 caute
578 3161 708 3230 scriptum
725 3181 778 3215 non
801 3167 872 3228 erat,
893 3179 992 3215 cauere
1009 3160 1153 3225 noluisset,

122 3247 213 3298 iubent
231 3246 390 3315 deputariune
408 3246 437 3299 id
454 3263 533 3316 opere
550 3265 601 3315 quo
619 3266 636 3299 a
653 3248 737 3300 sacris
753 3247 890 3313 liberetur,
904 3249 953 3301 doc
965 3265 997 3301 ec
1008 3266 1038 3300 ea
1050 3253 1155 3300 senten-

123 3332 161 3384 tio
179 3350 260 3400 quarn
273 3350 305 3401 p.
316 3334 374 3397 134,
387 3335 402 3383 5
416 3333 509 3402 posuit
527 3339 609 3402 atque
627 3332 710 3385 etiam
726 3332 793 3386 dant
805 3333 892 3398 (idest
905 3333 1072 3387 concedunt:
1092 3351 1156 3386 nam

123 3417 198 3490 ineo
218 3436 319 3487 quoque
335 3418 436 3487 nuperi
452 3419 611 3488 interpretes
628 3417 740 3471 ridicule
759 3418 914 3483 titubarunt)
931 3419 983 3473 hoc
996 3417 1153 3483 Scaeuolae,

121 3519 204 3571 quom
222 3510 264 3556 est
281 3504 403 3574 partitio,
424 3510 463 3569 ut,
485 3505 508 3558 si
526 3504 556 3557 in
573 3510 736 3558 testamento
755 3503 873 3557 deducta
886 3504 987 3574 scripta
1000 3523 1055 3559 non
1068 3504 1104 3559 sit
1115 3505 1155 3575 ip-

122 3587 199 3657 sique
216 3588 308 3642 minus
327 3589 451 3659 ceperint
468 3607 550 3659 quam
566 3589 695 3644 omnibus
711 3589 861 3643 heredibus
874 3588 1055 3660 relinquatur,
1070 3589 1156 3644 sacris

121 3690 156 3726 ne
174 3672 330 3743 alligentur.
354 3676 399 3746 Of.
418 3676 626 3741 adHerenn.2,
643 3678 683 3740 12,
701 3677 731 3726 18
750 3675 779 3727 in
797 3693 880 3730 causa
897 3675 1027 3730 rationali
1043 3693 1157 3746 quaere-

121 3766 176 3823 tur,
196 3766 289 3812 utrum
306 3759 432 3814 consulto
451 3760 484 3813 de
503 3779 536 3814 ea
552 3778 582 3815 re
601 3760 734 3830 scriptum
751 3778 806 3814 non
825 3762 870 3826 sit,
890 3763 965 3831 quod
980 3760 1101 3816 noluerit
1112 3779 1155 3815 ca-

121 3862 196 3909 uere,
216 3862 251 3897 an
267 3845 344 3915 ,quod
362 3845 429 3900 satis
447 3854 558 3900 cautum
574 3840 680 3916 putarit
696 3853 808 3917 propter
820 3854 973 3901 ceterorum
991 3847 1156 3917 scriptorum

122 3929 342 3994 similitudinem,
363 3932 395 3985 de
414 3933 471 3985 inu.
485 3935 510 3996 2,
524 3934 567 3996 41,
586 3934 650 3997 lau]
745 3936 759 3984 7
778 3932 848 3986 iuris
866 3932 1008 3987 consultus
1027 3933 1155 4004 editiones

86 4018 88 4021 ’
121 4015 189 4087 ipris
207 4014 295 4080 (Iunis
312 4018 354 4082 H]
373 4014 499 4071 consulto
517 4019 612 4071 ΑΒΗ
711 4017 822 4072 Mucius
835 4021 887 4084 (aet
897 4018 1010 4084 Mutius)
1025 4019 1155 4072 editiones

119 4117 231 4171 munius
245 4121 311 4173 BH
324 4095 425 4173 munbi
439 4122 467 4172 A
553 4119 772 4190 9relrnquar-B
859 4119 907 4192 lup
926 4120 1161 4174 dicebanrABH
