3030 4876
511 384 765 447 1dw-zm
1116 383 1155 444 Ἡ

124 559 168 623 ris
191 581 210 621 a
231 568 364 636 natura,
390 579 454 640 qua
477 557 561 619 duce
583 555 677 619 nobis
701 553 807 619 omnis
830 563 877 617 est
901 552 1077 637 disputatio
1101 553 1160 616 eri·
1189 597 1190 601 ,

124 661 287 746 pficanda.

190 765 343 826 Anmcvs.
390 761 598 840 Rectissime,
632 771 664 825 et
693 761 827 845 quidem
856 759 919 823 ista
947 760 1031 823 duce
1059 758 1159 822 errari

125 867 218 929 nullo
241 876 337 950 pacto
359 876 474 949 potest.

73 934 113 1086 271
190 971 341 1033 Msnovs.
382 970 495 1035 Dasne
521 966 623 1052 igitur
650 967 713 1031 hoc
739 966 844 1045 nobis,
875 965 1051 1048 Pomponi,
1082 986 1160 1027 nam
1191 982 1204 1021 5

127 1072 246 1140 Quinti
273 1071 354 1135 noui
382 1070 587 1148 sententiam,
618 1070 754 1133 deorum
780 1069 1006 1133 inmortalium
1028 1068 1071 1147 ui,
1101 1091 1161 1130 na-

127 1186 208 1253 tura,
234 1175 368 1252 ratione,
393 1184 560 1257 potestate,
585 1183 704 1250 mente,
732 1172 878 1250 numine,
909 1172 980 1235 siue
1004 1172 1091 1255 quod
1114 1183 1162 1235 est

128 1279 218 1342 aliud
241 1279 388 1354 uerbum,
414 1299 478 1360 quo
500 1275 632 1359 planius
654 1275 837 1360 significem
853 1275 940 1358 quod
960 1276 1044 1354 uolo,
1062 1286 1162 1338 natue

128 1404 197 1444 ram
220 1403 352 1444 omnem
374 1379 464 1464 regit
486 1400 565 1442 nam
586 1378 614 1442 si
635 1379 698 1442 hoc
720 1401 788 1442 non
807 1379 933 1462 probas,
956 1380 997 1442 ab
1014 1401 1052 1441 eo
1067 1379 1162 1442 nobis

129 1506 227 1547 causa
248 1483 406 1547 ordienda
429 1493 477 1545 est
498 1481 713 1565 potissimum.
1180 1495 1205 1535 10

192 1590 346 1650 Anmovs.
375 1587 429 1649 ¹Do
450 1607 535 1664 sane,
561 1585 588 1648 si
610 1585 767 1669 postulas,
789 1584 912 1648 etenim
926 1595 1058 1668 propter
1071 1567 1163 1647 himo

130 1700 327 1755 concentum
356 1689 469 1752 auium
496 1687 734 1771 strepitumque
759 1687 937 1751 fluminum
958 1709 1026 1751 non
1049 1709 1164 1751 uereor

131 1792 431 1875 condiscipulorum
453 1814 495 1855 ne
519 1791 592 1874 quis
614 1791 777 1855 exaudiat.

195 1897 346 1960 Msncvs
377 1894 479 1977 Atqui
500 1895 687 1958 cauendum
707 1906 767 1972 est3
791 1894 897 1963 solent
912 1893 1009 1972 enim,
1027 1894 1062 1956 id
1077 1894 1164 1976 quod
1197 1972 1202 1978 ἱ

132 1999 280 2062 uirorum
305 2000 468 2062 bonorum
496 2007 558 2076 est,
587 1998 765 2061 admodum
783 1997 894 2075 irasci,
922 2019 984 2060 nec
1011 2019 1089 2060 uero
1116 1997 1208 2060 fe-15

132 2112 220 2180 rent,
245 2101 274 2164 si
295 2100 461 2164 audierint
483 2110 515 2163 te
543 2100 688 2183 primum
714 2110 813 2183 caput
840 2099 917 2164 libri
945 2100 1061 2183 optimi
1088 2122 1166 2183 pro-

1179 866 1225 886 Ν

135 2379 225 2442 enam)
248 2377 285 2429 H
387 2378 398 2427 1
418 2374 500 2429 nobrl'
514 2404 548 2413 -
566 2376 581 2425 3
601 2373 670 2427 duce
688 2375 717 2427 in
735 2379 808 2428 textu
825 2374 855 2427 ob
874 2373 990 2427 eiusdem
1007 2373 1079 2426 noeis
1097 2373 1167 2427 duce

134 2463 320 2532 repetitionem
338 2461 437 2514 omissa
456 2461 485 2513 in
502 2459 555 2512 into
572 2461 693 2528 mnrpine
711 2478 793 2513 niens
810 2460 922 2529 antiqno
936 2460 1030 2528 posita
1041 2461 1069 2512 A

135 2564 297 2634 exphcsnda
320 2563 352 2627 (lr
369 2583 383 2617 e
401 2565 469 2628 corr)
493 2564 520 2617 B
633 2538 794 2633 5.pompin1
812 2565 840 2618 B
857 2548 1003 2634 pompiiml
1016 2565 1051 2628 (nr
1070 2580 1087 2616 a
1105 2581 1168 2616 corr

136 2668 198 2733 add)
217 2667 253 2720 H
353 2631 461 2719 biieor.
479 2668 513 2720 Η
613 2665 644 2718 ui
662 2666 815 2719 naturali.
833 2666 998 2736 Stephanus,
1016 2666 1170 2719 -Lcmbinns

87 2823 93 2831 ,
131 2789 171 2849 ¹ur
194 2786 297 2823 natura
314 2742 505 2846 AB‘uinarp
523 2768 560 2833 (in
577 2787 655 2837 many
666 2762 793 2834 ‘natural
812 2770 848 2822 H
861 2768 892 2821 ui
910 2768 1007 2822 omisso
1024 2775 1122 2822 natura
1140 2769 1170 2822 in

136 2873 259 2944 maryine
280 2873 408 2927 editionis
418 2871 616 2926 Lambinianae
627 2889 695 2942 quae
712 2871 811 2925 dicitur
826 2891 852 2925 a.
869 2873 951 2924 1584:
969 2872 999 2925 id
1010 2872 1082 2941 qnod
1093 2872 1170 2925 Hal·
1212 2862 1215 2867 ⁵

128 2959 208 3013 'miss
221 2964 246 3013 et
257 2960 387 3014 Baiterns
399 2958 595 3029 approbarunt,
617 2957 736 3011 iniuria:
752 2957 824 3027 qnod
835 2957 906 3011 enim
923 2957 959 3010 in,
970 2958 1051 3010 nnius
1067 2964 1171 3011 senten·

138 3045 193 3099 tiae
210 3045 311 3098 ambitu
328 3052 427 3099 natura
442 3043 483 3098 bis
497 3061 549 3096 non
561 3060 617 3097 nnn
630 3043 704 3114 siyni
724 3044 828 3097 catione
836 3043 958 3113 ponitur,
973 3061 1022 3096 nee
1030 3061 1083 3115 per
1094 3062 1121 3097 se
1134 3047 1173 3096 est

139 3131 250 3202 offensio
274 3135 378 3196 (notum
396 3130 466 3184 enim
485 3135 523 3182 est
540 3128 642 3198 quoties
660 3147 715 3182 non
733 3130 820 3182 solum
837 3135 936 3183 natura
953 3129 1099 3183 sedetiam
1116 3146 1169 3194 res,

139 3216 283 3282 sententia,
303 3216 383 3281 mitio,
403 3233 495 3280 causa,
518 3231 614 3284 genus,
634 3214 700 3279 clia,
720 3215 750 3268 in
760 3232 814 3268 nna
826 3216 967 3284 eademqne
978 3216 1107 3269 sententia
1119 3234 1173 3269 non

139 3303 231 3356 endem
255 3303 386 3356 sententia
403 3304 552 3372 ponantur)
574 3304 600 3354 et
621 3301 647 3353 si
663 3305 702 3354 est
719 3301 844 3373 offensio,
865 3301 915 3354 bec
937 3302 994 3355 loco
1017 3301 1121 3355 tollitur
1144 3318 1174 3354 eo

140 3388 212 3458 qnod
234 3389 263 3442 in
283 3404 489 3458 synonymorum
512 3386 711 3440 conseruatione
730 3393 830 3440 natura
847 3387 914 3454 sere
937 3405 987 3439 sna
1008 3393 1033 3440 et
1053 3388 1174 3457 propria
1240 3407 1241 3410 ¹

139 3475 170 3526 ni
185 3478 292 3527 centnm
315 3474 438 3527 uidetur:
462 3477 577 3526 ceterum
600 3473 670 3526 nibil
684 3472 858 3543 frequentius
884 3473 1007 3528 Ciceroni
1026 3491 1106 3544 qnam
1131 3491 1174 3526 co·

136 3561 235 3630 putata
260 3559 304 3613 uie
328 3566 353 3613 et
376 3566 476 3613 natura
503 3559 613 3612 nominee
641 3561 727 3630 (cons.
754 3577 817 3614 ann.
841 3576 930 3629 yynn.
949 3559 1085 3614 Austriae.
1109 3559 1174 3611 1868

136 3664 167 3717 p.
190 3647 246 3711 104)
375 3648 389 3697 'l
413 3633 522 3717 nbmme
539 3646 568 3698 B
689 3645 704 3696 8
729 3646 796 3714 quo]
813 3643 888 3714 quod
905 3648 941 3699 H
1055 3647 1177 3714 9ng1ns‘i

140 3750 187 3803 aed
203 3765 263 3817 regi
274 3747 278 3818 Ι
289 3755 325 3800 nd
344 3767 405 3802 cori·
423 3751 450 3801 A
479 3721 595 3826 rigmim
613 3748 641 3801 B
653 3749 726 3824 ''regr
737 3775 744 3788 ·
757 3765 818 3824 nam
834 3747 876 3812 (in
893 3748 1016 3816 marqine
1029 3747 1172 3810 ''drumam)

143 3887 311 3940 Heinsienns
405 3850 477 3940 ‘abeo
500 3885 551 3950 (sic)
572 3886 609 3939 H
709 3888 740 3938 10
759 3849 896 3955 exibenda
912 3887 948 3939 H
1050 3886 1081 3935 14
1100 3900 1178 3952 atqui

146 3993 185 4054 (ar
202 3989 232 4041 in
250 3992 357 4054 rasura)
381 3969 409 4043 B
523 3991 554 4040 15
573 3974 641 4042 ueri>
659 3988 696 4041 H
803 3990 835 4041 16
854 3994 936 4058 caput
952 3986 1018 4042 libri
1042 3986 1178 4041 Victorius

143 4075 250 4146 ceputh
273 4076 312 4140 (i.
332 4095 355 4128 e.
373 4074 453 4139 libri,
475 4076 546 4144 qnod
570 4093 599 4128 eo
624 4073 780 4144 compendio
798 4092 878 4144 saepe
896 4075 970 4128 uelut
987 4075 1017 4127 in
1036 4074 1117 4126 Festi
1133 4090 1179 4125 co-

143 4178 202 4233 diee
219 4178 353 4244 scribitur)
370 4181 399 4231 A
413 4171 870 4248 praepulliB,corrA'caprrul1
886 4175 934 4229 sed
952 4176 981 4228 in
997 4170 1181 4248 marpineba-
