3030 4876
154 373 158 382 '
264 394 307 454 44
633 389 705 450 114,
728 356 873 450 41415,
895 388 926 437 42

265 561 347 625 titur
369 561 435 624 suis
460 558 638 623 commodis
661 560 778 635 omnia,
804 558 932 635 uidetis,
956 559 1060 636 oredo,
1079 559 1160 641 quid
1182 559 1226 622 sit
1248 581 1306 622 aa·
1374 554 1382 600 ·’

265 674 373 727 turus:
398 663 486 746 quod
506 662 534 725 si
548 660 682 746 negabit
696 684 730 725 se
745 662 795 724 illi
810 661 914 724 uitam
930 673 1119 746 erepturum
1135 672 1168 724 et
1183 652 1305 726 aurum

266 767 461 844 abluturum,
486 786 669 848 numquam
691 766 732 828 ob
755 786 828 827 eam
850 785 983 827 causam
1004 765 1144 849 negabit,
1163 754 1305 848 quodid

266 881 384 934 natura
412 879 508 953 turpe
534 866 666 946 iudicet,
696 868 754 931 sed
781 867 868 950 quod
891 877 1017 930 metuat
1037 890 1080 930 ne
1103 879 1241 947 emanet,
1269 857 1305 933 id

234 990 247 1030 ⁵
267 984 323 1053 est,
349 995 391 1036 ne
413 972 538 1035 malum
559 970 686 1034 habeat.
710 993 729 1034 o
745 993 815 1035 rem
831 971 971 1055 dignam,
989 970 1025 1033 in
1041 993 1106 1054 qua
1120 993 1188 1034 non
1203 973 1303 1036 modo

267 1076 363 1155 docti,
381 1074 552 1139 sedetiam
567 1083 708 1158 agrestes
723 1075 925 1137 erubescant.
942 1073 1008 1135 iam
1024 1095 1102 1137 uero
1118 1074 1203 1138 illud
1217 1077 1305 1139 stul·
1315 1041 1354 1191 ἐξ

266 1180 437 1255 tissimum,
470 1176 655 1241 existimare
684 1176 794 1240 omnia
821 1176 907 1240 iusta
934 1198 1014 1245 esse.
1045 1199 1128 1260 quae
1151 1179 1214 1242 site
1235 1179 1304 1242 sint

266 1384 325 1421 rem
342 1367 512 1420 fructuosam
528 1363 639 1435 putabit
656 1364 743 1430 fore),
768 1366 808 1418 ita
826 1365 855 1419 in
873 1366 923 1419 illa
943 1365 1116 1435 ambiguitate
1134 1367 1201 1436 plus
1219 1367 1307 1422 Ναί

265 1452 442 1507 concinnitati
453 1451 585 1504 orationis
597 1469 663 1521 quac
672 1451 714 1524 pic
722 1452 849 1522 procedit
864 1454 899 1521 (p.
906 1452 949 1518 43,
959 1455 982 1517 6)
995 1451 1063 1521 quid
1075 1451 1160 1506 faciet
1171 1451 1196 1506 is
1207 1453 1302 1517 homo,

265 1538 313 1608 qui
330 1537 402 1592 nihil
418 1537 497 1591 timet
504 1532 512 1601 ;’
530 1543 624 1590 noster
639 1535 686 1590 hie
703 1543 802 1591 natura
819 1537 910 1591 iustus
928 1537 981 1602 uir,
1001 1540 1026 1591 h.
1039 1557 1060 1592 e.
1075 1537 1124 1607 qui
1141 1545 1242 1592 notura
1260 1539 1304 1592 iu·

265 1632 325 1679 stus
338 1632 388 1690 est,
402 1622 521 1688 iuuabit,
536 1624 581 1676 oui
591 1622 738 1693 opponitur
749 1622 774 1676 io
786 1623 834 1692 qui
845 1621 917 1676 nihil
929 1622 1043 1677 alterius
1061 1640 1145 1678 eausa
1156 1623 1234 1690 feeit,
1248 1625 1269 1679 i.
1282 1645 1303 1679 e.

263 1710 312 1781 qui
329 1710 369 1765 ita
387 1709 523 1763 animatus
542 1716 596 1774 est,
616 1715 649 1762 ut
664 1708 736 1762 nihil
753 1709 846 1763 faeiat.
866 1710 899 1763 de
912 1711 1007 1780 positu
1024 1710 1084 1764 uide
1099 1728 1136 1763 or.
1149 1712 1174 1774 3,
1192 1713 1224 1762 10
1243 1729 1305 1765 eas·

263 1830 317 1883 que
336 1812 413 1882 gigni
429 1818 514 1881 negat
532 1818 559 1865 et
576 1811 615 1865 ait
633 1829 740 1882 semper
758 1829 827 1866 eme.
935 1815 947 1863 1
968 1789 1047 1878 cred}
1059 1815 1088 1867 B
1185 1816 1306 1884 laege-

263 1916 309 1951 um
326 1916 388 1951 corr
401 1898 447 1951 bit
457 1900 514 1951 AB
531 1897 647 1967 negabit
659 1899 696 1952 H
788 1897 835 1951 ille
848 1901 889 1964 H,
910 1916 972 1951 corr
987 1897 1028 1952 1111
1039 1900 1096 1953 AB
1188 1901 1204 1950 3
1218 1898 1305 1972 ablla-

263 2000 360 2037 turum
380 1983 548 2037 Hcintiunuc
566 1983 727 2038 oblaturum
743 1987 801 2039 AB
910 2001 1025 2053 neguun
1043 2003 1104 2038 corr
1119 1985 1165 2040 bu
1181 1989 1236 2042 AB
1253 2005 1304 2042 ne-

264 2070 346 2138 gabn
364 2070 401 2122 H
499 2067 529 2122 1d
545 2088 648 2123 namra
667 2070 834 2125 Heinoianuc
851 2087 982 2124 mnarum
999 2072 1056 2126 AB
1160 2074 1176 2122 4
1193 2073 1305 2127 mizuae

264 2173 327 2208 corr
350 2172 381 2208 aa
399 2158 426 2208 Α
448 2155 521 2208 mdiu
545 2173 576 2210 ae
600 2174 661 2210 corr
678 2157 816 2211 mhuatnn
835 2159 863 2211 B
884 2173 995 2209 metuat
1014 2157 1049 2209 H
1067 2163 1171 2210 metuet
1195 2160 1305 2213 Wesen-

263 2245 369 2317 bergiua
386 2244 422 2297 ad
437 2245 514 2298 Tuae.
526 2246 551 2309 4,
566 2244 606 2304 12.
621 2244 654 2294 28
763 2240 913 2295 1de131d÷
937 2247 962 2294 A
980 2241 1010 2295 1d
1028 2241 1072 2295 ele
1090 2244 1127 2296 H
1220 2244 1304 2298 5ha-

261 2331 395 2384 benenate
417 2334 457 2395 [at
473 2349 486 2382 e
504 2332 572 2394 corr)
595 2331 624 2383 B
641 2328 746 2382 habeat
763 2327 787 2380 0
804 2333 834 2381 re
857 2326 889 2392 (Ο
907 2334 937 2380 re
955 2328 984 2381 in
1002 2346 1098 2382 ranna
1116 2327 1184 2395 corr)
1206 2325 1304 2385 A'ha-

261 2432 383 2504 beatlob
400 2450 458 2487 rem
475 2434 521 2486 sed
539 2432 575 2487 ob
593 2449 655 2485 corr
671 2449 704 2484 ee
720 2449 736 2484 o
757 2432 792 2484 Η
910 2448 966 2484 non
989 2433 1029 2496 (fi)
1048 2431 1130 2485 modo
1149 2432 1230 2486 ‹luon
1244 2398 1306 2487 ‘iila

266 2523 335 2584 (corr
346 2519 430 2585 doen)
447 2521 501 2573 AB
517 2536 572 2571 non
589 2516 725 2586 quomodo
745 2515 824 2569 (luen
842 2533 927 2570 enam
943 2520 982 2581 tec·
992 2518 1018 2571 &r
1034 2531 1090 2570 Iam
1102 2522 1170 2583 corr)
1189 2520 1226 2572 H

261 2626 277 2677 6
290 2597 455 2700 ahreitescel
461 2621 464 2693 l
473 2621 637 2676 erubescam
648 2637 702 2673 mm
713 2621 741 2674 B
753 2619 877 2688 agrestes
886 2620 1050 2684 erubescam
1066 2621 1098 2674 Ii
1104 2626 1217 2690 praeter
1228 2624 1246 2675 Ξ
1257 2640 1304 2676 ce-

262 2731 374 2780 tremum
393 2727 423 2779 in
441 2728 497 2779 loco
520 2743 598 2790 raca,
619 2723 667 2794 qui
681 2725 768 2792 paulo
785 2725 881 2793 plures
903 2723 1008 2778 litteras
1031 2742 1125 2794 capere
1142 2729 1256 2794 poterat
1272 2730 1304 2779 Δ

262 2810 362 2880 agressi
383 2810 475 2865 uestes
495 2808 716 2879 erulbeleandem
739 2810 917 2863 Heinoianus.
942 2810 974 2862 de
992 2811 1140 2879 primitiua
1162 2811 1304 2881 scrutum

261 2917 317 2952 non
334 2904 373 2952 eat
391 2896 462 2967 quod
479 2895 615 2949 dubitetur
633 2913 693 2948 curn
712 2895 842 2948 Halmio:
860 2900 981 2964 apertum
999 2897 1070 2950 caim
1088 2901 1127 2949 eat
1144 2896 1173 2950 in
1191 2898 1220 2948 A
1237 2901 1304 2950 ante

262 2985 373 3038 lituram
396 2984 467 3037 idcrn
488 2981 559 3035 illud
581 2979 746 3034 aoreszeszes
767 2979 958 3035 erubeseannn
978 2981 1082 3050 fuisse,-
1106 2999 1138 3034 ec
1159 2981 1304 3052 eodernqne

264 3067 414 3123 Heinriani
424 3067 559 3137 scriptura
576 3065 686 3120 itherius
701 3069 795 3139 efficta
812 3072 867 3120 cat:
884 3070 986 3133 [uerum
998 3067 1030 3121 dc
1044 3067 1093 3120 sed
1104 3067 1227 3121 addendo
1233 3086 1303 3138 poc-

262 3157 299 3208 eit
310 3158 434 3226 fortasse
454 3151 571 3224 ambigi:
594 3151 702 3205 Tacitus
720 3153 826 3222 saepius
843 3153 883 3206 ita
899 3170 956 3206 non
972 3152 1054 3206 modo
1070 3151 1195 3218 libertas,
1216 3154 1304 3209 etiam

259 3239 363 3304 libid0;
383 3239 482 3292 Liuius
494 3256 594 3308 quoque
606 3255 662 3291 non
673 3236 754 3292 modo
766 3237 855 3303 nobis,
873 3255 908 3291 ne
925 3237 1044 3308 posteris
1055 3238 1168 3308 quidem
1184 3239 1240 3304 (uhi
1250 3240 1302 3294 sed
1361 3234 1365 3241 ⁴

261 3327 340 3380 addit
353 3326 535 3394 Maduiqiuc);
555 3325 655 3377 Seneca
671 3341 727 3376 non
743 3330 851 3376 tantum
867 3322 997 3393 prudens,
1018 3323 1101 3378 etiam
1117 3324 1299 3380 fastidiosus:
1381 3348 1382 3352 ¹

262 3413 326 3466 uide
342 3411 506 3464 Munronem
523 3411 560 3462 ad
577 3411 641 3462 haec
653 3410 777 3462 Lucretii
793 3412 817 3472 4,
833 3413 882 3462 501
900 3427 956 3462 non
973 3409 1054 3463 modo
1072 3410 1143 3464 ratio
1161 3418 1225 3464 ruat
1242 3427 1302 3464 om-

261 3497 315 3563 nis,
336 3496 396 3549 uita
408 3513 518 3566 quoque
529 3495 591 3566 ipse
603 3494 746 3549 Concidet.
765 3496 855 3548 Ci'cero
874 3495 913 3549 aio
930 3497 997 3549 solet
1013 3513 1069 3549 non
1087 3495 1175 3550 solum
1193 3495 1302 3552 indocti

262 3581 312 3636 sed
330 3581 412 3636 etiem
430 3581 504 3635 docti
523 3580 689 3635 dissentiant
711 3580 749 3645 (de
760 3585 815 3633 nat.
828 3581 900 3635 deor.
915 3583 938 3645 1,
954 3584 978 3646 2,
995 3583 1017 3647 5)
1031 3602 1036 3645 ;
1051 3581 1124 3635 inter
1136 3599 1230 3635 omnes
1243 3600 1301 3637 non
1334 3630 1337 3636 ,

262 3667 443 3739 philosophos
462 3666 551 3721 solum
569 3666 718 3721 sedetiam
736 3666 862 3720 indoctos
885 3667 956 3731 (thid.
977 3670 1017 3732 17,
1037 3670 1091 3732 4453
1112 3673 1138 3720 ct
1155 3686 1223 3737 quoe
1240 3669 1300 3722 dic-

262 3755 364 3808 oimitia
382 3754 479 3826 afferri
489 3758 607 3823 poscunt
623 3772 670 3806 acc
687 3755 773 3807 nauita
790 3759 853 3806 sunt
869 3771 951 3823 neque
968 3773 1000 3806 ea
1017 3755 1084 3806 catu
1092 3754 1168 3824 fidoi
1183 3754 1298 3808 habant:

261 3841 298 3894 ad
313 3844 372 3895 Au.
392 3843 416 3903 5,
440 3840 479 3903 lo,
500 3841 517 3890 4
534 3857 590 3892 non
606 3838 688 3892 modo
705 3856 785 3892 nemo
803 3838 898 3903 domo,
918 3856 953 3892 ne
970 3839 1076 3892 Romae
1093 3838 1206 3908 quidem
1222 3839 1301 3909 quio·

261 3943 355 3996 quam;
382 3926 414 3978 de
432 3925 520 3995 leq.3‚
537 3926 577 3989 11,
596 3926 628 3976 25
646 3923 710 3994 quis
728 3923 809 3989 enim,
828 3942 884 3977 non
901 3922 983 3978 modo
1000 3922 1079 3988 liber,
1101 3941 1198 3978 seruus
1214 3923 1299 3980 libor·

259 4018 318 4065 tate
334 4010 445 4079 dignus,
465 4009 529 4075 fuit,
550 4009 608 4073 oui,
630 4015 653 4062 et
670 4010 809 4079 utrobique
827 4009 876 4063 sed
893 4009 1035 4074 adiicitur;
1049 4011 1082 4063 de
1093 4010 1197 4080 officiis
1208 4016 1298 4065 auen

263 4099 286 4161 1,
301 4100 344 4162 22,
359 4099 402 4160 16,
422 4096 452 4149 in
465 4096 557 4149 Pioon.
571 4097 612 4160 30,
628 4099 660 4148 ’15
673 4096 763 4150 atiena
781 4098 859 4160 nont]
952 4098 1032 4164 tque
1046 4096 1083 4148 H
1174 4095 1228 4150 sm
1241 4099 1298 4152 AB

262 4183 370 4238 sancita
388 4201 446 4236 oum
465 4183 582 4236 Ernesto
600 4181 730 4236 Halmius
748 4186 773 4234 ei
790 4181 934 4235 Baiuras.
953 4181 1000 4233 aed
1017 4184 1113 4250 confer
1130 4182 1162 4234 dc
1180 4188 1250 4236 orat.
1272 4185 1294 4245 1,
