2940 4890
252 365 314 427 182
662 378 696 418 1n
713 370 739 432 a,
762 370 869 422 ιιι-ιι

251 537 308 621 qui
338 536 497 620 primum,
523 548 561 600 ut
586 537 687 621 impio
709 540 848 625 dignum
875 542 954 619 fuit,
979 545 1128 627 patribus
1156 569 1290 613 omnem

250 640 409 704 honorem
423 641 553 724 eripuit,
570 642 681 704 omnia
694 643 809 706 infima
830 647 966 710 summis
988 648 1080 731 paria
1102 649 1192 729 fecit,
1216 662 1289 716 tur-

250 744 358 821 bauit,
384 744 529 820 miscuit;
558 767 635 808 cum
660 746 840 810 adflixisset
866 750 1055 833 principum
1076 754 1284 836 gmuitatem,

251 870 433 931 numquam
455 860 566 912 tamen
588 850 788 931 conquieuit.
812 873 955 935 namque
977 864 1015 916 ut
1029 855 1066 918 C.
1083 855 1332 923 Flaminium20

216 966 232 1004 ⁵
251 963 349 1034 atque
364 973 410 1028 ea,
435 974 519 1035 quae
540 952 607 1015 iam
629 951 736 1035 prisca
757 952 913 1018 uidentur
927 968 1061 1040 propter
1075 969 1285 1039 uetustatem,

250 1055 443 1138 relinquam,
468 1055 549 1138 quid
570 1055 651 1118 iuris
673 1055 767 1118 bonis
789 1056 869 1119 uiris
891 1057 1003 1123 Trheri
1017 1059 1164 1124 Gracchi
1179 1063 1287 1127 tribu-

248 1169 347 1222 natus
366 1158 520 1240 reliquit?
541 1158 602 1220 etsi
618 1158 845 1240 quinquennio
859 1172 937 1224 ante
951 1161 1130 1226 Decimum
1144 1165 1288 1230 Brutum

247 1273 284 1325 et
305 1262 342 1324 P.
359 1261 547 1344 Scipionem
570 1262 727 1337 consules,
745 1283 826 1344 quos
849 1272 883 1325 et
903 1275 1043 1346 quantus
1064 1266 1163 1346 uiros,
1186 1269 1287 1334 homo

250 1365 400 1428 omnium
425 1364 560 1427 infimus
582 1375 615 1427 et
636 1364 891 1442 sordidissimus,
917 1367 1068 1432 tribunus
1090 1369 1135 1451 pl.
1159 1372 1196 1435 C.
1218 1374 1287 1437 Cu-

206 1479 233 1520 10
251 1469 373 1545 riatius,
390 1468 427 1530 in
442 1468 578 1530 uincula
600 1468 747 1545 coniecit,
764 1469 853 1551 quod
874 1480 951 1532 aute
972 1470 1098 1534 factum
1116 1495 1186 1537 non
1206 1487 1285 1539 erat.

250 1573 287 1636 C.
304 1594 383 1635 uero
404 1570 548 1638 Gracchi
570 1570 674 1634 ruinis
696 1581 729 1634 et
751 1571 790 1634 iis
812 1570 900 1647 sicis,
925 1594 1006 1654 quas
1028 1573 1098 1657 ipse
1119 1598 1155 1640 se
1176 1579 1287 1660 proie-

251 1676 332 1739 cisse
354 1676 390 1738 in
412 1674 521 1738 forum
539 1674 631 1750 dixit,
648 1673 769 1757 quibus
790 1674 1050 1758 digladiarentur
1070 1676 1160 1742 inter
1180 1702 1216 1744 se
1240 1682 1287 1745 ci-

250 1800 317 1854 ues,
331 1800 442 1841 nonne
457 1799 589 1841 omnem
604 1777 650 1840 rei
665 1777 816 1860 publicae
831 1787 954 1840 statum
967 1783 1190 1861 permutauit?
1206 1784 1288 1867 quid

249 1882 316 1942 iam
331 1881 371 1943 de
388 1880 574 1958 Saturnino,
592 1880 747 1963 Sulpicio,
765 1880 900 1963 reliquis
922 1880 1050 1944 dicam?
1065 1906 1147 1966 quos
1168 1908 1214 1950 ne
1230 1888 1288 1951 de-

207 1993 234 2033 ²⁵
252 1983 374 2067 pellere
397 1984 531 2065 quidem
554 2005 573 2044 a
594 2005 628 2047 se
650 1982 721 2046 sine
744 1981 828 2046 ferro
850 1983 959 2066 potuit
980 2007 1031 2049 res
1052 1987 1196 2069 publica.
1228 1999 1331 2054 cur2l

250 2196 353 2203 ——.—---
420 2196 560 2202 -.-.....--

248 2329 321 2399 qud
336 2345 406 2381 nuuc
422 2326 512 2397 recepi
527 2343 575 2378 eur
591 2344 684 2379 uerum
701 2326 811 2379 habeam
828 2325 897 2380 uluis·
911 2327 1031 2383 rationes
1048 2328 1172 2400 exposui]

247 2417 266 2467 ‘2
284 2413 405 2482 onolrem
423 2415 451 2468 Β
467 2412 571 2467 honore
587 2413 634 2466 sed
651 2412 707 2466 hon
724 2412 753 2464 iu
771 2430 869 2465 rasura
886 2417 913 2466 A
1032 2413 1164 2468 turbabit
1180 2415 1210 2468 B
1226 2434 1287 2471 rur-

248 2492 328 2572 bahrr
339 2522 366 2571 A
476 2519 493 2567 4
510 2531 627 2585 namque
639 2515 746 2570 Bulsius
763 2533 852 2586 anque
864 2517 921 2571 AB
938 2524 1021 2586 atque
1038 2516 1182 2571 detineres

250 2603 281 2657 0.
298 2601 464 2656 Flaminium
482 2601 624 2655 detershres
641 2603 675 2655 cd
692 2599 830 2654 flamrmui
845 2604 873 2656 B
890 2601 950 2655 edm
973 2606 1007 2666 (m
1025 2620 1087 2655 corr
1104 2621 1137 2656 ec
1153 2607 1179 2670 n)
1199 2602 1287 2658 flami·

250 2687 314 2743 mus
324 2693 365 2751 A,·
385 2693 410 2742 et
421 2687 451 2741 C.
464 2707 519 2741 nou
531 2687 580 2742 Cn.
593 2706 655 2752 esse,
675 2691 707 2739 ut
723 2695 804 2740 autea
820 2688 991 2758 uulpabaiur,
1015 2687 1154 2742 Turnebus
1170 2689 1287 2744 Mnem-

247 2792 290 2845 uit
387 2795 402 2843 5
422 2809 475 2862 atq.
495 2809 550 2862 ears,
563 2793 591 2845 Β
608 2808 661 2861 arcp
682 2807 714 2843 es
731 2807 784 2869 que
802 2794 872 2855 (corr
889 2807 921 2844 ec
937 2795 998 2860 que)
1011 2794 1040 2843 A
1143 2793 1160 2845 6
1178 2767 1288 2863 relripm's

250 2880 278 2932 A
296 2877 411 2947 relhqui
422 2880 450 2932 B
541 2876 618 2942 uiris]
634 2874 721 2929 umus
738 2879 807 2946 [suit
823 2874 953 2942 u1n1s)A
1044 2874 1074 2928 T.
1086 2877 1132 2930 uei
1142 2875 1185 2930 Ti.
1201 2877 1287 2934 Grac-

247 2964 295 3018 chi
312 2964 441 3017 editiones
457 2960 538 3016 hberr
555 2962 667 3031 gracchi
683 2964 740 3016 AB
866 2965 881 3014 7
899 2960 1016 3050 rehqurr
1033 2965 1059 3027 (τ
1076 2979 1139 3016 corr
1155 2978 1190 3015 se·
1207 2962 1237 3029 d)
1257 2966 1287 3017 A

346 3083 467 3136 qumque
485 3083 567 3119 annio
579 3067 607 3119 Β
702 3065 739 3118 du
755 3065 843 3119 bruni
855 3067 883 3120 Β
897 3038 970 3118 ‘diii
982 3064 1098 3118 brutum
1114 3067 1172 3128 (rur
1189 3065 1221 3119 irs
1237 3085 1286 3121 ru-

246 3172 319 3235 sura)
334 3173 370 3234 A,
389 3168 534 3222 Decimum
550 3167 686 3222 Victorius
789 3169 804 3220 8
821 3155 999 3238 pscrpronem
1017 3171 1042 3238 (p
1055 3173 1116 3222 anu
1128 3185 1139 3220 1
1150 3187 1165 3222 e
1175 3173 1245 3236 corr)
1258 3171 1288 3222 A

340 3257 356 3306 9
374 3252 503 3308 lufirmus
514 3255 543 3306 Β
559 3252 692 3307 insumus
703 3257 729 3309 A
742 3255 811 3324 (fuit
828 3255 857 3308 iu
874 3254 923 3307 hoc
941 3270 1042 3324 quoque
1058 3253 1132 3308 haud
1148 3254 1228 3309 dubis
1245 3273 1287 3308 rn-

248 3338 359 3406 firmus)
447 3338 477 3392 0.
487 3337 628 3392 Curiatius
639 3341 814 3406 Ascensum,
830 3338 963 3393 Victorius
977 3357 1010 3393 ·c·
1025 3338 1152 3393 cursurus
1158 3342 1217 3395 AB

250 3429 277 3478 11
301 3425 411 3495 gracchi
422 3426 479 3480 AB
490 3426 562 3494 quod
570 3442 663 3477 uerum
670 3430 739 3494 puto
756 3425 795 3491 [O.
810 3423 927 3478 Gracchi
938 3424 1110 3479 tribunatum
1123 3425 1200 3489 dicit,
1216 3427 1290 3496 qued

248 3531 282 3567 ec
299 3529 325 3564 u.
337 3515 356 3565 ’6
369 3510 521 3574 asciscitur,
541 3529 595 3563 ueri
613 3511 758 3581 difficilius
771 3528 849 3579 quum
866 3511 911 3563 uei
925 3511 1002 3564 Tuse.
1017 3511 1042 3575 3,
1058 3511 1100 3576 33,
1115 3514 1148 3564 79
1160 3509 1289 3566 consuls·

205 3648 209 3655 .
248 3599 289 3651 tio
308 3598 345 3651 ad
362 3595 509 3665 Chrysippi
526 3597 699 3667 peuetiuum];
720 3594 862 3649 Gracchus
879 3596 1009 3649 editiones
1121 3604 1149 3650 et
1166 3597 1202 3652 iis
1220 3597 1289 3652 sicis

254 3682 435 3736 Turnebus&
454 3678 488 3733 us
505 3678 620 3737 i1cuiB
642 3679 785 3735 &informs
800 3685 913 3750 praeter
929 3682 955 3735 dr
973 3681 1003 3734 iu
1024 3699 1122 3736 rasura
1142 3685 1184 3748 A,
1205 3687 1233 3736 ei
1256 3685 1288 3737 iri

249 3786 370 3857 marpiue
387 3783 499 3854 antiqua
516 3802 598 3837 mauu
616 3751 729 3837 excidiis
842 3783 991 3853 proiecisse
1009 3785 1139 3839 editiones
1155 3782 1288 3857 proiecis-

250 3870 288 3926 s&
306 3873 362 3925 AB
466 3872 497 3922 12
516 3867 705 3938 deglarrareni
716 3871 744 3923 B
760 3868 994 3938 degladrsirentur
1011 3870 1059 3924 sed
1075 3870 1110 3924 de
1127 3889 1189 3925 cerr
1206 3872 1237 3926 in
1255 3871 1285 3944 dJ

251 3962 276 4010 et
294 3956 339 4009 dra
356 3956 386 4010 iu
403 3974 501 4010 rasura
518 3960 546 4008 A
650 3957 682 4006 13
700 3955 874 4025 perturbauit
893 3973 962 4008 uuus
983 3955 1144 4012 Oeouieuss's
1164 3959 1289 4025 eoem<

250 4045 293 4106 aii,
310 4043 469 4113 Muduipius
486 4044 556 4112 Opp.
575 4044 598 4105 1,
613 4044 663 4093 472
761 4044 793 4093 14
811 4038 968 4106 Saturnino,
983 4039 1106 4112 Sulpicio
1117 4042 1289 4097 'Goeremius

248 4144 385 4199 sarurmm
403 4143 534 4215 supplicio
547 4147 575 4199 B
593 4142 728 4198 sarurmm
746 4118 867 4214 supphio
880 4148 906 4197 A
1013 4146 1044 4196 15
1063 4162 1080 4199 s
1098 4143 1125 4198 se
1143 4162 1206 4200 cerr
1218 4164 1251 4201 ee
1271 4165 1290 4204 a
