3030 4876
654 343 816 385 celerimo
1205 353 1252 396 vn

200 505 202 509 ⁴
220 509 343 573 riorum
365 506 499 570 nomine
515 503 755 588 comprehendi,
781 526 921 588 quorum
944 502 1101 567 lectiones
1118 505 1253 568 selectas

221 651 300 713 quas
327 629 363 690 in
392 626 600 690 adnotatione
623 624 717 708 posui
748 624 930 703 eDauisii‚
968 624 1155 703 Goerenzii,
1180 627 1253 688 Mo-

221 749 292 827 rari,
317 748 422 826 Bakii,
447 745 674 830 Feldhuegelii
697 744 937 808 commentariis
965 745 1090 829 collegi.
1136 757 1170 810 at
1198 747 1254 810 uel

222 871 267 933 sic
296 879 418 933 restant
445 889 513 930 non
540 888 663 950 paneae
695 865 953 943 emendationes,
988 887 1071 948 quae
1106 866 1183 929 inde
1213 868 1254 930 ab
1362 941 1365 946 ¹

222 988 345 1053 ultimis
368 998 405 1051 ut
427 987 559 1050 uidetur
581 986 778 1049 editionibus
792 996 988 1070 propagatae
1012 996 1099 1049 certo
1122 999 1254 1053 auctore

223 1119 342 1173 carent.
394 1130 473 1190 quas
505 1107 583 1170 licet
614 1106 769 1169 credibile
803 1106 845 1168 sit
877 1127 1029 1189 magnam
1062 1118 1188 1190 partem
1222 1121 1256 1174 et

223 1230 308 1314 ipsas
336 1252 353 1292 e
384 1228 549 1292 codicibus
577 1237 743 1310 promptas
773 1248 857 1305 esse,
886 1248 945 1310 ego
975 1248 1043 1289 non
1068 1229 1162 1311 potui
1190 1230 1255 1295 nisi

223 1349 404 1414 editionum
433 1348 566 1411 nomine
594 1347 721 1410 afferre:
757 1347 836 1409 alias
866 1369 978 1410 eorum
1006 1348 1167 1412 editorum
1194 1374 1255 1415 no-

223 1470 367 1533 minibus
388 1466 561 1552 insigniui,
586 1467 623 1529 in
646 1489 785 1550 quorum
806 1467 898 1531 libris
920 1468 1065 1551 primum
1087 1483 1253 1554 apparent.

287 1588 512 1653 Vetustiorum
534 1598 644 1651 autem
667 1588 849 1652 editionum
870 1611 991 1672 paucas
1020 1600 1149 1654 tantum
1171 1603 1256 1655 trae-

223 1711 307 1788 taui,
337 1710 464 1772 nullam
493 1708 711 1792 antiquiorem
732 1708 931 1771 Ascensiana
954 1731 981 1771 a.
1005 1730 1132 1790 nnxxr,
1158 1735 1257 1796 quam

224 1829 346 1913 excipit
368 1852 417 1910 ea,
447 1851 512 1913 qua
534 1830 650 1892 Petrus
673 1828 839 1892 Victorius
862 1850 889 1890 a.
913 1849 1071 1893 mnxxxvr
1095 1843 1127 1896 et
1156 1837 1258 1898 uerba

224 1951 390 2015 Ciceronis
406 1949 578 2033 castigauit
600 1959 633 2012 et
648 1948 872 2012 difficiliorum
887 1952 1093 2032 quorundam
1110 1952 1258 2017 locorum

225 2070 451 2155 castigationes
480 2070 678 2153 explanauit.
725 2069 843 2132 deinde
870 2070 1006 2134 Roberti
1029 2072 1187 2155 Stephani
1216 2076 1257 2137 li-

224 2193 320 2254 brum
347 2212 375 2252 a.
403 2209 600 2267 monicum,
636 2189 691 2251 cui
725 2211 793 2252 non
820 2190 934 2254 dubito
962 2190 1145 2276 principem
1172 2194 1259 2259 inter

224 2311 314 2374 illius
336 2311 450 2375 aetatis
473 2309 632 2373 editiones
647 2310 757 2372 locum
779 2309 949 2395 assignare,
979 2333 1043 2394 quo
1066 2313 1148 2376 libro
1172 2317 1259 2398 quod

225 2430 363 2494 Victorii
386 2452 515 2514 quoque
537 2423 785 2514 ‘castigationes'
807 2443 955 2514 receptae
978 2443 1063 2511 sunt,
1088 2455 1260 2517 perperam

225 2574 244 2614 a
272 2551 442 2614 nonnullis
471 2572 530 2634 pro
558 2551 747 2614 Victoriana
773 2551 923 2630 habetur,
954 2574 1052 2634 quam
1078 2552 1114 2616 in
1141 2554 1192 2618 his
1219 2557 1259 2619 de

226 2670 352 2755 legibus
374 2671 465 2735 libris
494 2670 606 2734 multis
634 2671 823 2734 nominibus
851 2682 991 2755 superat.
1036 2684 1205 2757 praeterea
1227 2686 1260 2739 et

227 2791 404 2854 Camerarii
427 2791 605 2854 editionem
628 2813 655 2854 a.
679 2811 774 2854 unxr,
796 2776 1013 2856 Ascensianae
1033 2794 1259 2859 Victorianae-

228 2933 290 2993 que
323 2911 512 2974 similiorem
546 2911 638 2973 illam
668 2933 767 2994 quam
794 2912 1034 2995 Stephanianae
1070 2916 1200 2978 uersaui
1228 2926 1261 2979 et

228 3053 299 3094 eam
329 3053 413 3114 quae
440 3054 481 3094 ex
508 3032 617 3095 Caroli
646 3031 805 3114 Stephani
830 3032 962 3095 officina
984 3054 1011 3095 a.
1035 3055 1157 3097 Momm
1184 3058 1261 3119 pro-

228 3151 301 3229 diit,
332 3151 368 3213 in
391 3174 456 3235 qua
478 3173 561 3234 quae
585 3174 626 3214 ex
646 3144 777 3215 ‘uetere'
801 3154 1000 3216 adnotantur
1027 3153 1184 3218 lectiones
1207 3178 1260 3220 eas

227 3271 398 3335 sciendum
421 3282 469 3334 est
491 3271 527 3333 in
548 3271 600 3334 his
624 3273 756 3354 quidem
778 3272 870 3336 libris
885 3296 953 3336 non
976 3295 1044 3336 esse
1061 3297 1078 3337 e
1094 3275 1260 3339 codicibus

227 3393 284 3455 sed
312 3414 353 3454 ex
380 3390 613 3456 uetustioribus
647 3392 846 3456 editionibus
879 3393 984 3456 ueluti
1017 3394 1154 3457 Roberti
1188 3395 1261 3458 Ste-

226 3512 329 3595 phani
367 3523 543 3594 excerptas.
600 3512 742 3595 denique
778 3513 1030 3576 Lambinianam
1067 3535 1094 3576 a.
1132 3535 1258 3593 MDLXV,

228 3653 310 3713 quae
333 3632 401 3695 sola
424 3653 536 3694 ueram
558 3632 712 3696 Lambini
735 3634 958 3696 recensionem
980 3634 1124 3711 exhibet,
1151 3636 1263 3716 quiet

228 3752 368 3815 correxit
390 3752 551 3815 nonnulla
573 3751 670 3815 tacite
694 3763 727 3814 et
752 3751 814 3814 alia
843 3753 879 3816 in
902 3753 1020 3817 additis
1043 3755 1262 3818 adnotationi-

228 3873 289 3934 bus
312 3871 499 3955 explicauit.

292 3993 400 4075 Atque
429 3991 465 4054 hi
492 3992 625 4075 quidem
652 3994 764 4077 legum
790 3994 890 4057 libros
919 4015 986 4056 una
1014 3995 1262 4078 cumpluribus

229 4124 286 4174 aut
318 4112 470 4176 omnibus
507 4112 674 4176 Ciceronis
707 4112 835 4196 scriptis
872 4114 1109 4199 uulgauerunt:
1150 4137 1262 4178 eorum
