3030 4876
674 373 697 413 n
715 363 757 425 27,
772 363 805 412 ον
1194 366 1255 427 159

220 534 455 600 inmortalitate
471 533 656 596 animorum
670 543 703 595 et
718 534 844 616 reliqua
855 546 929 617 post
940 545 1079 597 mortem
1094 534 1256 616 tranquil-

219 640 313 703 litate
335 639 504 712 bonomm,
529 636 643 720 poenis
665 636 850 719 impiorum.

338 877 433 930 eadem
450 874 513 929 illa:
529 871 611 946 ‘quae
628 875 708 928 etiam
727 878 756 928 in
776 875 920 929 Phaedone
937 881 962 928 et
979 875 1043 928 αίιϊο
1065 876 1129 928 loeis
1148 875 1257 930 dutsem't

221 960 331 1016 multis?
355 963 401 1015 Sic
421 962 558 1015 Turnebus
576 962 704 1030 explicat,
724 962 803 1029 ίοαμα
820 963 868 1014 ille
885 961 992 1030 quidem
1005 962 1164 1031 ρινάεκδῖαο
1182 961 1254 1026 aliie,

220 1068 313 1102 uerum
325 1067 379 1101 παπ
387 1053 503 1118 possunt
514 1049 580 1101 haee
591 1047 628 1100 ad
637 1047 707 1100 alios
717 1047 840 1100 Platonis
851 1048 935 1101 ίιδνοο
947 1047 1057 1118 refem',
1067 1047 1114 1101 sed
1124 1047 1164 1099 sie
1175 1047 1257 1100 inter-

216 1140 329 1204 pretor.-
343 1133 438 1187 eadem
449 1132 498 1188 illa
510 1152 577 1203 quae
589 1152 638 1186 κοο
649 1139 727 1186 arctoa
739 1133 916 1203 exposuimus,
931 1138 961 1186 ut
972 1134 1009 1185 ad
1019 1135 1087 1198 fam.
1099 1134 1122 1197 1,
1132 1135 1157 1197 9,
1170 1134 1201 1185 18
1216 1133 1258 1186 iu-

220 1221 269 1274 bet
287 1219 360 1272 idem
376 1218 423 1272 ille
434 1217 523 1283 Plato,
536 1220 564 1272 ίι.
578 1238 601 1271 e.
615 1236 692 1287 quem
704 1223 782 1272 antea
796 1221 827 1270 12
839 1219 961 1271 laudaui.
976 1224 1104 1272 tractasse
1114 1225 1201 1272 autem
1214 1218 1258 1272 Oi-

222 1324 341 1360 eeronem
352 1305 401 1358 ύαο
411 1323 453 1358 νεα
466 1305 495 1358 in
507 1323 539 1358 αα
546 1309 639 1374 parte,
653 1323 720 1374 ρτιαο
732 1307 757 1369 2,
769 1305 811 1368 21,
823 1306 857 1354 54
869 1322 900 1372 p.
912 1305 961 1355 139
968 1304 1065 1375 periit,
1079 1306 1106 1357 Ιι.
1121 1323 1143 1357 e.
1157 1305 1187 1358 in
1199 1305 1258 1374 ι’μοο

223 1392 304 1445 initio
323 1391 513 1460 diffidationis
530 1392 562 1444 de
580 1396 698 1444 extrema
715 1391 772 1459 ίομο
789 1389 939 1459 ναίὶρὶοαίε,
953 1409 1020 1460 quae
1037 1394 1076 1442 eet
1092 1391 1125 1444 do
1143 1391 1187 1444 dis
1197 1409 1257 1443 ma-

223 1477 311 1541 nutus,
325 1476 472 1546 funm'bue
490 1481 516 1529 et
533 1477 673 1547 sepulcris,
688 1476 725 1530 ad
742 1495 800 1528 eum
818 1477 906 1528 locum
919 1475 1039 1544 probare
1056 1477 1156 1530 studui.
1169 1476 1256 1530 inter-

218 1563 370 1633 polationis
388 1563 491 1616 ι’νιάίοια
507 1563 584 1615 nulla
595 1567 656 1615 tunt
667 1580 749 1632 neque
760 1580 823 1614 uero
836 1562 995 1614 recensione
1008 1579 1025 1613 α
1035 1562 1122 1614 nescio
1135 1580 1186 1631 quo
1199 1562 1258 1615 edi-

224 1673 281 1720 tore
298 1667 392 1719 torum
410 1665 538 1719 ίιθνοινεαι
557 1664 706 1735 antiquitus
715 1668 815 1734 saetae
920 1665 932 1715 1
952 1653 1157 1718 mmortahtati
1171 1668 1198 1716 A
1216 1683 1257 1717 m·

223 1750 428 1805 mortahtatem
446 1752 482 1804 H
495 1749 707 1804 immortalitate
726 1751 754 1803 B
873 1767 1025 1802 ammarum
1041 1751 1078 1804 H
1195 1748 1258 1803 r'eh·

223 1841 279 1924 qui
296 1855 324 1906 A
426 1852 636 1922 tranqusshtate
650 1854 717 1906 AH
728 1850 925 1922 tranquihtati
939 1853 967 1905 B
1070 1851 1182 1923 2pems
1197 1855 1262 1907 BH

224 1937 323 2010 poenis
338 1955 399 1992 corr
416 1938 445 1990 ιἰι
464 1936 567 2008 poenas
575 1941 603 1992 A
692 1939 998 2010 PlatoLe9.12,958d
1015 1938 1074 2010 περὶ
1090 1939 1260 2009 τελευτήσαν-

223 2044 270 2084 τας
289 2025 331 2094 δή,
351 2023 403 2076 είτε
420 2043 460 2082 τις
477 2024 557 2096 ἄρρην
576 2025 629 2077 είτε
645 2044 683 2084 τις
701 2024 785 2096 θῆλυς
802 2018 829 2099 fi,
848 2025 881 2077 τὰ
899 2025 946 2093 μὲν
963 2024 1070 2096 trepitat
1087 2022 1146 2078 θεῖα
1163 2025 1259 2094 νόμιμα

224 2119 276 2164 τῶν
293 2129 321 2163 τε
340 2108 388 2162 ύπδ
406 2116 454 2181 γῆς
472 2109 539 2162 θεῶν
557 2112 668 2164 καὶτῶν
686 2111 759 2182 τῇδε,
780 2110 828 2162 ὅσα
844 2111 969 2181 προσήκει
980 2109 1117 2174 τελεῖσθαι,
1131 2111 1191 2170 τούς
1203 2111 1261 2180 ἐξη-

224 2195 307 2267 γητὰς
323 2194 451 2266 γίγνεσθαι
468 2196 572 2266 κυρίους
590 2199 748 2268 φράζοντας·
771 2193 856 2265 θήκας
874 2191 898 2246 δ’
919 2194 982 2248 εἶναι
999 2205 1051 2248 τῶν
1067 2195 1179 2267 χωρίων,
1200 2196 1261 2250 όπό-

227 2299 259 2334 σα
277 2282 323 2350 μὲν
341 2273 479 2351 έρχάσιμα,
500 2282 636 2351 μηδαμοῦ,
658 2282 724 2352 μήτε
742 2300 766 2333 τι
785 2281 850 2353 μέχα
869 2281 934 2350 μήτε
952 2298 976 2331 τι
995 2283 1099 2353 σμικρὸν
1119 2289 1222 2353 μνῆμα,
1243 2281 1260 2333 ἃ

226 2368 256 2420 δὲ
272 2366 290 2436 ἡ
308 2370 382 2440 χώρα
399 2368 463 2437 πρὸς
480 2367 547 2420 τοῦτ’
565 2367 626 2420 αύιδ
645 2368 722 2437 μόνον
741 2367 815 2439 φύσιν
834 2367 905 2439 ἔχει,
924 2366 957 2418 τὰ
973 2375 1024 2419 τῶν
1041 2367 1259 2437 τετελευτηκότων

226 2456 334 2521 σώματα
351 2447 464 2521 μάλιστα
486 2452 626 2524 ἀλυπήτως
646 2458 702 2511 τοῖς
727 2452 790 2514 ζῶσι
814 2452 943 2526 δεχομένη
965 2451 1099 2522 κρύπτειν,
1118 2459 1199 2505 ταῦτα
1216 2453 1260 2505 έκ-

227 2540 352 2609 πληρούν,
372 2543 427 2595 τοῖς
445 2537 474 2589 δὲ
491 2537 637 2609 ἀνθρώποις
655 2538 703 2591 ὅσα
719 2540 817 2610 τροφήν
836 2539 922 2608 μήτηρ
941 2536 1005 2590 ούσα
1021 2537 1038 2607 ή
1056 2545 1089 2608 γῆ
1108 2540 1171 2608 πρὸς
1182 2544 1262 2590 ταῦτα
1278 2547 1281 2553 ’

226 2624 326 2694 πέφυκε
349 2620 486 2693 βούλεσθαι
509 2625 603 2695 φέρειν,
628 2624 694 2694 μήτε
711 2624 761 2685 ζῶν
779 2625 845 2694 μήτε
866 2643 904 2682 τις
925 2623 1062 2678 ἀποθανὼν
1081 2624 1200 2696 στερείτω
1217 2625 1261 2678 τδν

228 2708 308 2772 ζῶνθ’
327 2708 412 2778 ήμῶν.
439 2717 518 2780 χῶμα
543 2708 571 2760 δὲ
595 2709 632 2777 μή
655 2714 719 2781 χοῦν
741 2709 900 2780 ὑψηλότερον
919 2709 994 2762 πέντε
1018 2710 1117 2781 ἀνδρῶν
1142 2710 1215 2783 ἔργον
1233 2710 1260 2764 ἐν

227 2795 299 2849 πένθ’
315 2794 425 2864 ἡμέραις
442 2793 656 2861 ἀποτελούμενον,
677 2793 762 2848 λίθινα
779 2795 808 2847 δὲ
825 2796 984 2866 ἐπιστήματα
1002 2798 1039 2866 μή
1059 2795 1137 2864 μείζω
1150 2795 1261 2866 ποιεῖνή

228 2882 276 2935 όσα
299 2878 420 2952 δέχεσθαι
442 2887 493 2930 τῶν
511 2884 557 2931 τοῦ
573 2880 784 2952 τετελευτηκότος
806 2880 922 2952 ἐχκιύμια
940 2881 995 2951 βίου
1015 2883 1052 2951 μὴ
1070 2882 1151 2935 πλείω
1168 2877 1262 2935 τεττά-

229 2987 280 3038 ρων
298 2965 419 3036 ἡρωϊκῶν
438 2965 532 3038 στίχων
545 2964 756 3020 ....πείθεσθαι
778 2964 799 3018 δ’
816 2967 869 3020 ἐστὶ
885 2969 922 3038 τῷ
936 2965 1065 3041 νομοθέτῃ
1083 2970 1167 3041 χρεὼν
1183 2968 1216 3021 τοί
1233 2986 1260 3021 τε

231 3052 299 3106 ἄλλα
316 3051 360 3102 καὶ
376 3049 476 3121 λέγοντι
499 3052 586 3124 ψυχήν
605 3054 724 3121 σώματος
747 3051 811 3104 εἶναι
831 3054 861 3106 τὸ
878 3058 929 3106 πᾶν
948 3053 1130 3125 διαφέρουσαν,
1150 3055 1177 3108 έν
1195 3053 1267 3122 αύτῷ

228 3157 256 3191 τε
273 3140 310 3208 τῷ
323 3135 371 3206 βίιρ
389 3138 418 3189 τὸ
436 3137 612 3209 παρεχόμενον
629 3137 705 3206 ἡμῶν
724 3137 831 3192 ἕκαστον
848 3134 913 3192 τοῦτ’
932 3138 999 3192 εἶναι
1017 3139 1098 3209 μηδὲν
1115 3136 1172 3193 ἀλλ’
1183 3138 1201 3209 ἢ
1214 3139 1261 3210 τήν

230 3226 325 3298 ψυχήν,
345 3224 374 3274 τὸ
394 3222 422 3274 δὲ
441 3231 514 3291 σῶμα
532 3221 712 3292 ἰνδαλλόμενον
730 3224 806 3294 ἡμῶν
818 3221 936 3284 ἑκάστοις
955 3223 1069 3289 ἕπεσθαι,
1083 3225 1128 3277 καὶ
1144 3223 1264 3294 τελευτη-

231 3304 330 3363 σάντων
348 3306 467 3380 λέχεσθαι
484 3307 571 3367 καλῶς
589 3308 686 3362 εἴδωλα
708 3308 772 3363 εἶναι
792 3311 825 3363 τὰ
845 3319 896 3363 τῶν
915 3318 1012 3380 νεκρῶν
1031 3313 1152 3379 στύματα,
1171 3310 1215 3362 τδν
1234 3309 1263 3362 δὲ

231 3395 292 3448 ὄντα
309 3395 384 3464 ήμῶν
404 3393 509 3447 ἕκαστον
528 3392 608 3452 όντως
626 3389 755 3448 ἀθάνατον
773 3395 838 3449 εἶναι
856 3397 942 3468 ψυχήν
961 3396 1183 3466 ἐπονομαζόμενον
1194 3395 1264 3466 παρὰ

230 3481 305 3540 θεοὺς
323 3481 417 3539 ἄλλους
435 3479 535 3533 ἀπιέναι
553 3479 668 3533 δώσοντα
685 3480 770 3552 λόγον,
789 3479 909 3551 καθάπερ
928 3481 942 3534 δ
959 3482 1039 3552 νόμος
1057 3483 1071 3535 δ
1089 3478 1195 3556 πάτριος
1219 3481 1264 3534 λέ·

231 3586 284 3638 χει,
304 3569 344 3636 τῷ
359 3567 405 3636 μὲν
424 3566 515 3637 ἀχαθῖρ
526 3563 677 3637 θαρραλέον,
691 3569 728 3637 τῷ
743 3567 771 3619 δὲ
788 3569 864 3638 κακῷ
879 3567 950 3637 μαλα
967 3568 1085 3639 φοβερόν,
1101 3565 1223 3638 βοήθειάν
1235 3585 1264 3619 τε

231 3653 300 3724 αύτῖρ
312 3653 349 3722 μή
365 3671 421 3705 τινα
437 3651 550 3722 μεγάλην
567 3652 632 3705 εἶναι
649 3652 848 3723 τετελευτηκότι,
869 3654 943 3714 ζῶντι
955 3658 1002 3725 γάρ
1016 3654 1067 3706 ἔδει
1080 3653 1185 3724 βοηθεῖν
1197 3654 1264 3706 πάν-

231 3758 277 3797 τας
294 3738 353 3797 τούς
371 3740 561 3808 προσήκοντας,
581 3736 651 3796 ὅπως
670 3738 708 3790 ύτι
727 3739 883 3799 δικαιότατος
901 3741 936 3793 ὢν
955 3741 998 3792 καὶ
1016 3741 1154 3798 ὁσιώτατος
1173 3740 1218 3809 ἔζη
1235 3756 1264 3790 τε

232 3825 282 3885 ζῶν
300 3824 344 3876 καὶ
365 3823 519 3894 τελευτήσας
543 3823 704 3895 ἀτιμώρητος
728 3823 758 3877 ἂν
776 3834 864 3878 κακῶν
882 3825 1074 3896 ἁμαρτημάτων
1092 3826 1202 3898 ἐχίχνετο
1219 3825 1262 3876 τδν

233 3910 297 3979 μετά
314 3911 358 3961 τδν
377 3909 468 3963 ἐνθάδε
487 3909 541 3979 βίον
555 3951 561 3964 .
575 3951 581 3962 .
593 3952 599 3962 ,
612 3951 618 3962 .
629 3911 658 3962 τύ
677 3910 705 3962 δὲ
724 3911 825 3982 μέτριον
837 3909 981 3982 νομοθέτης
994 3910 1023 3963 ἂν
1037 3911 1203 3981 μαντεύσαιτο
1215 3910 1264 3962 ούκ

232 3996 459 4067 ἀσχημονέστατα.
472 3996 537 4048 ἔστω
556 3995 589 4066 δή
607 3995 685 4064 νόμος
703 3995 792 4056 οὗτος·
811 3999 851 4066 τῷ
867 3998 913 4065 μὲν
932 3996 965 4065 δή
985 4003 1031 4050 τοῦ
1050 3996 1167 4068 μεγίστου
1185 3997 1264 4066 τιμή-

232 4101 311 4151 ματος
330 4083 366 4140 είς
382 4083 430 4151 τὴν
448 4088 530 4134 πᾶσαν
548 4082 632 4153 ταφήν
650 4081 837 4151 ἀναλισκόμενα
854 4085 891 4153 μὴ
904 4081 982 4135 πλέον
995 4082 1070 4134 πέντε
1088 4090 1166 4151 μνῶν,
1186 4083 1224 4152 τῷ
1236 4081 1265 4133 δὲ

230 4171 276 4218 τοῦ
294 4166 412 4235 δευτέρου
431 4173 500 4237 τρεῖς
519 4173 581 4237 μναῖ
598 4168 643 4220 καὶ
660 4167 705 4220 δύο
723 4169 760 4239 τῷ
771 4173 817 4220 τού
834 4168 928 4237 τρίτου,
950 4173 1001 4236 μνᾶ
1019 4168 1047 4220 δὲ
1065 4169 1102 4238 τῷ
1112 4173 1158 4220 τοῦ
1172 4167 1262 4240 τετάρ-
