2994 4884
359 357 419 417 106
797 363 821 403 11
840 353 881 414 11,
901 353 934 403 aa

358 545 545 587 consecrare
574 523 676 586 decet.
704 543 824 604 araque
853 532 984 584 uetusta
1009 521 1045 583 in
1071 521 1198 586 Palatio
1221 523 1336 587 Febris
1362 535 1397 589 et

358 627 460 690 altera
474 625 630 708 Esquiliis
645 625 754 688 Malae
769 624 934 687 Fortunae
950 624 1172 707 detestataque
1187 625 1299 689 omnia
1320 626 1397 690 eius

358 728 447 793 modi
469 727 672 811 repudianda
694 735 779 790 sunt.
804 727 891 809 quod
913 726 941 789 si
959 726 1114 810 fingenda
1128 727 1271 807 nomina,
1288 727 1396 792 Vicae

359 833 462 895 Potae
489 829 599 914 potius
628 828 786 893 uincendi
813 839 911 911 atque
938 828 1103 912 potiundi,
1133 829 1243 894 Statae
1269 831 1396 910 standi,

361 1139 415 1193 que
432 1120 578 1176 consilium
596 1119 750 1190 suscepisse
763 1118 906 1175 Graeciam
924 1118 1001 1184 dicit,
1015 1119 1090 1189 quod
1107 1119 1268 1190 cupidinum
1283 1131 1312 1175 et
1322 1139 1400 1175 arno·

361 1226 422 1262 rum
444 1205 589 1262 simulacra
613 1205 642 1258 in
666 1203 817 1275 gymnasiis
837 1211 1037 1259 consecrasset:
1058 1204 1187 1259 adulatus
1205 1212 1248 1259 est
1264 1204 1403 1261 uidelicet

361 1292 455 1347 Attico
474 1299 501 1346 et
517 1290 605 1344 irrisit
622 1289 760 1343 hominem
777 1288 948 1344 familiarem.
967 1308 1022 1344 non
1041 1290 1113 1344 enim
1130 1290 1202 1344 illud
1213 1308 1362 1361 magnum.
1375 1334 1400 1346 ..

364 1386 392 1432 et
408 1378 471 1432 ideo
488 1376 554 1431 huic
572 1373 733 1440 sententiae,
747 1382 886 1444 tamquam
898 1375 1018 1430 Graecos
1036 1376 1184 1447 prudentia
1200 1374 1335 1443 uinceret,
1353 1377 1402 1431 ad-

361 1463 435 1528 iecit,
455 1462 574 1516 uirtutes
593 1459 666 1514 enim
683 1467 822 1530 oportere,
842 1479 898 1514 non
915 1459 986 1514 uitia
1003 1461 1165 1516 consecrari.
1182 1467 1307 1532 Apparet
1323 1464 1402 1518 Lao-

363 1550 478 1604 tantiam
502 1548 542 1602 ita
566 1547 707 1616 disputare
724 1551 755 1599 ut
771 1546 898 1599 uideatur
915 1547 966 1601 ilia
984 1549 1016 1600 de
1033 1548 1168 1602 amorrius
1185 1554 1210 1601 et
1227 1549 1403 1620 crepidinibus

363 1636 413 1689 hoc
424 1636 482 1705 ipso
494 1635 552 1687 loco
564 1633 667 1704 lepino,
682 1632 728 1701 qai
739 1631 769 1686 in
781 1632 897 1686 eiusdem
915 1633 1106 1702 disputationis
1123 1633 1224 1687 ambita
1236 1634 1402 1705 paulopost

364 1721 445 1774 etiarn
463 1721 544 1791 lepore
562 1719 640 1772 illam
657 1725 701 1772 ast
718 1716 773 1770 olla
791 1725 903 1787 propter
916 1735 985 1787 quae
1004 1717 1085 1772 datur
1096 1718 1202 1773 homini
1219 1736 1353 1774 ascensus
1371 1719 1402 1774 in

364 1803 468 1859 caelum
481 1805 609 1858 attulerit.
624 1821 705 1873 quare
718 1804 767 1856 iila
780 1805 921 1857 Laetantii
930 1809 992 1857 ante
1009 1821 1072 1858 nam
1089 1803 1161 1857 illud
1178 1803 1312 1858 uitiosum
1329 1807 1400 1871 (105,

367 1894 405 1951 11]
421 1891 488 1944 addi
504 1890 583 1943 iussit
598 1889 751 1954 Turnebus,
771 1891 820 1943 Ieoe
838 1890 945 1960 quidem
962 1908 1015 1943 non
1031 1895 1109 1955 reete,
1130 1893 1155 1942 et
1172 1891 1280 1944 omnino
1299 1909 1402 1945 cauen-

364 1995 425 2046 dam
443 1997 481 2046 est
497 2012 529 2046 ne
548 1992 689 2047 Lactantii
705 1993 860 2064 diiipentiae
881 1992 994 2046 nimiam
1011 1992 1158 2046 tribuamus
1285 1995 1298 2044 1
1319 1969 1403 2059 dicct

365 2080 393 2133 B
411 2079 495 2133 docet
516 2082 562 2133 sed
584 2096 600 2131 o
625 2098 638 2131 e
656 2096 718 2131 oorr
733 2080 762 2130 A
785 2077 861 2131 dec&
879 2079 916 2131 H
1049 2095 1149 2156 eraque
1170 2096 1232 2132 corr
1254 2095 1304 2132 ara
1326 2094 1401 2148 quae

364 2166 392 2217 Β
409 2182 544 2235 *araquae
571 2169 599 2227 (r
618 2184 632 2216 e
650 2167 722 2230 corr)
744 2166 773 2216 A
795 2181 868 2233 araq;
887 2165 923 2217 H
1056 2169 1167 2217 uetusta
1188 2161 1217 2216 in
1236 2162 1403 2268 Masdaipias

365 2266 565 2336 uerusles(rrn
558 2268 617 2332 (sed
635 2266 695 2320 es
682 2286 712 2320 en
729 2266 924 2370 marpinema
903 2284 963 2320 oorr
980 2265 1132 2337 appictum)
1151 2269 1179 2323 B
1196 2231 1337 2319 nemrim
1323 2284 1355 2321 ur
1373 2269 1401 2321 A

367 2370 466 2441 [fait
453 2389 482 2423 an
498 2374 610 2441 atroque
627 2369 781 2435 uerusrrn);
808 2343 853 2423 i&
871 2386 906 2446 ur
922 2383 952 2422 In
972 2369 1041 2434 (sio,
1058 2387 1103 2423 reo
1120 2369 1347 2440 superscriptam)
1370 2371 1407 2423 H

458 2472 669 2543 resqnhsAH
755 2471 973 2539 [Doaraotara
965 2489 995 2524 1n
1006 2470 1156 2525 Palatio-
1122 2470 1304 2541 Esqurlus
1312 2472 1403 2527 Mod·

365 2560 453 2629 aipios
467 2565 564 2631 praef.
579 2560 658 2614 Liuii
674 2560 729 2612 ool.
745 2569 758 2612 1
774 2578 805 2630 p.
817 2561 877 2624 XIV]
987 2557 1175 2626 detestataque
1192 2559 1247 2612 ood-
1263 2561 1295 2612 ιδ’.
1309 2558 1404 2613 Victo-

365 2645 414 2708 ris,
429 2647 553 2699 Muretus
569 2647 614 2715 (of.
632 2644 746 2697 Tarneb.
760 2646 835 2698 Ado.
851 2647 891 2709 14,
907 2646 932 2706 6,
946 2643 1025 2695 Mar.
1044 2644 1106 2696 Var.
1119 2644 1193 2696 Leot.
1208 2644 1249 2708 10,
1266 2645 1306 2709 18)
1323 2642 1403 2698 dcte·

366 2747 456 2819 staua
474 2752 502 2801 A
527 2747 676 2816 deresrmq,
700 2766 762 2801 corr
780 2715 942 2816 ceresaria
960 2747 988 2799 Β
1010 2746 1047 2811 (e.
1066 2765 1089 2800 e.
1110 2725 1319 2816 detestadquae
1343 2766 1404 2801 cam

366 2834 552 2895 distinctiora·
567 2853 621 2887 non
633 2838 671 2886 est
682 2831 841 2887 detestatur
853 2833 883 2886 in
894 2835 943 2897 Β),
959 2831 993 2885 de
1003 2830 1120 2901 restarq;
1133 2833 1169 2885 H
1170 2851 1178 2895 ;
1199 2831 1401 2903 detestataque,

367 2921 434 2990 qaod
446 2937 540 2974 aeram
552 2925 636 2991 pato,
650 2919 790 2991 redarpait
802 2917 969 2988 Madaipiaa,
985 2922 1014 2971 at
1026 2917 1094 2970 mite·
1103 2917 1210 2972 uidetur
1219 2919 1312 2972 acrior
1323 2936 1404 2990 quom

365 3006 455 3059 nerias
472 3007 553 3075 (Opp.
569 3007 593 3069 2,
611 3007 667 3070 149)
773 3003 878 3072 3f1nge
889 3002 945 3058 fida
962 3003 1014 3068 (sio)
1028 3004 1055 3057 B
1144 3003 1278 3073 fingenda
1289 3005 1405 3070 (radetur

367 3109 409 3145 em
420 3092 520 3163 juisse)
538 3095 591 3144 noa
611 3093 664 3156 (sed
680 3111 697 3125 ”
716 3109 734 3143 a
746 3094 814 3156 corr)
827 3092 863 3143 H
956 3088 992 3143 da
1008 3106 1119 3142 nomina
1136 3105 1197 3142 uice
1214 3089 1244 3142 in
1261 3104 1363 3144 rasura
1375 3092 1404 3144 A

484 3211 562 3247 arcae
579 3211 664 3263 potae
683 3193 795 3263 epocrus
810 3194 837 3247 B
855 3210 917 3246 urae
935 3167 1026 3263 pofrac
1043 3194 1068 3246 dc
1086 3191 1184 3263 ponus
1194 3192 1227 3255 (dc
1244 3191 1273 3245 in
1291 3199 1398 3258 rotarat

365 3302 393 3351 A
411 3315 472 3377 uice
488 3271 557 3368 poio
577 3299 605 3361 (e
622 3315 639 3349 a
658 3314 719 3349 corr
736 3301 868 3366 superior)
887 3297 912 3350 &
931 3295 1029 3367 porrus
1042 3296 1079 3349 H
1184 3294 1335 3365 Vicepotae
1352 3311 1402 3365 po·

365 3383 422 3436 tius
442 3384 590 3455 Saltefferaa
608 3381 693 3435 Vicae
710 3388 792 3451 potae
810 3381 903 3451 potius
921 3381 947 3436 I.
964 3381 1119 3436 Gronoaiaa
1142 3380 1403 3445 (recenserentur

366 3468 450 3522 Vicae
467 3468 568 3532 Potae,
593 3472 654 3520 sant
671 3468 742 3520 enim
766 3468 816 3520 dae
833 3467 943 3520 nomina
959 3471 989 3519 at
1007 3466 1077 3521 Aius
1095 3465 1229 3520 Locutius
1247 3469 1273 3520 et
1289 3466 1401 3532 airoino,

366 3557 402 3620 of.
417 3555 530 3607 Senecae
542 3555 613 3607 Lod.
629 3557 644 3606 9
657 3552 799 3622 Diespiter
810 3551 894 3605 Vicae
906 3552 992 3606 Potae
1004 3552 1086 3620 filius)
1169 3554 1217 3604 4n
1229 3551 1260 3605 in
1270 3551 1402 3607 uincendi

366 3642 394 3694 in
412 3658 511 3694 rosera
529 3644 557 3692 A
575 3637 713 3706 urnrcendl
726 3640 762 3692 H
844 3638 973 3707 ponundr
989 3657 1025 3692 ea
1041 3636 1170 3708 porumdr
1188 3638 1221 3691 H
1306 3635 1403 3693 Statue

366 3716 457 3780 standi
478 3727 629 3797 Saleefferaa
647 3724 722 3778 stara
740 3723 817 3778 sandl
834 3726 927 3779 ΑΒΗ
1030 3724 1175 3777 Goerenzio
1186 3723 1318 3793 perendie
1334 3722 1397 3776 uin·

366 3811 454 3877 cendi,
474 3810 602 3884 potiundi
621 3811 725 3881 (quidni
741 3810 820 3863 etiam
840 3813 928 3880 atque)
938 3850 945 3876 ,
967 3809 1058 3864 standi
1075 3810 1179 3864 ratione
1191 3826 1308 3879 prorsas
1323 3809 1403 3862 nulio

366 3899 452 3952 allata
471 3899 571 3951 delenti
583 3898 708 3969 plerique
718 3898 808 3967 fldem
825 3896 981 3961 habuerant,
1000 3897 1046 3949 sed
1062 3901 1088 3949 et
1105 3900 1167 3966 apte
1184 3895 1214 3949 in
1231 3895 1281 3948 irae
1299 3894 1332 3948 do
1339 3896 1402 3965 fin·

364 3984 458 4054 pendia
476 3984 625 4038 nominibus
643 3983 774 4037 sententia
791 3983 928 4035 nominum
946 3983 1056 4036 illorum
1074 3982 1151 4049 oripo
1169 3999 1201 4034 ao
1214 3981 1258 4034 ais
1274 3980 1402 4034 declara-

365 4075 409 4144 tar
422 4071 469 4139 (ef.
489 4070 576 4124 Varro
590 4087 632 4137 ap.
643 4069 783 4122 Donatum
796 4069 825 4122 in
838 4069 947 4122 Pheret.
964 4070 986 4131 1,
1004 4069 1027 4132 1,
1045 4069 1075 4118 15
1088 4065 1194 4120 initiari
1210 4082 1312 4137 pueros
1323 4064 1402 4119 ndu-

364 4173 411 4209 cae
430 4162 458 4209 et
468 4155 581 4209 Poticae
594 4162 622 4209 et
633 4153 726 4208 cubae
745 4153 819 4207 diuis
838 4153 937 4207 edendi
957 4160 984 4206 et
1000 4151 1115 4222 potandi
1134 4159 1161 4205 et
1178 4150 1311 4215 cubandi;
1331 4150 1400 4205 Ter-
